2850 4934
613 1591 995 1678 INDEX
1044 1554 1482 1681 RERUM*
1548 1538 2423 1695 EnVERn‘oii‘UM,

468 1836 541 1901 'A
575 1850 788 1911 praep.
837 1856 871 1894 a
913 1833 1128 1896 Plauto
1186 1847 1321 1914 post
1365 1837 1535 1897 verb.
1585 1857 1800 1917 cavere
1841 1816 2081 1921 omissa.
2134 1853 2194 1914 Ρ.
2240 1828 2425 1894 244.

392 1926 401 1932 ’
439 1924 795 1985 ·Ab1ativus
840 1924 1097 1983 auctoris
1133 1941 1259 1987 non
1307 1943 1342 1980 a
1384 1919 1600 1992 Plauto
1637 1904 1987 2003 usurpatus.
2032 1912 2095 2001 p.
2140 1925 2290 1993 262.

470 2008 874 2070 Accusativus
916 2008 1096 2093 pretii
1139 2008 1498 2069 aestimandi
1517 2007 1735 2071 verbis
1788 2004 2050 2099 additus-
2085 1996 2153 2088 Ρ.
2201 1989 2394 2069 1273.

470 2089 739 2156 Achillis
783 2112 970 2152 arma.
1013 2114 1074 2153 v.
1106 2089 1454 2155 Vulcanus.
1525 2091 1543 2117 ⁸

446 2177 733 2253 ‚Achillis
776 2178 1021 2236 bustu-m
1065 2199 1206 2236 cum
1247 2176 1587 2239 Palamedis
1628 2178 1865 2240 tumulo
1911 2172 2252 2239 confusum.
2297 2196 2360 2256 Ρ.
2410 2179 2482 2240 7.

471 2263 944 2335 Adiectivorum
989 2266 1055 2320 in
1098 2268 1268 2323 arius
1315 2263 1732 2359 desinentium
1737 2266 2143 2357 significatIO.
2178 2278 2240 2344 Ρ.
2286 2267 2436 2337 267.

475 2349 777 2413 Adoneus
824 2368 860 2406 a
913 2342 1150 2408 Venere
1193 2352 1432 2427 ιειΡῒιιε..1
1459 2364 1525 2428 Ρ.
1551 2354 1631 2425 Τ7.

475 2433 801 2500 Aedilium
849 2448 1122 2493 censura.
1165 2453 1227 2513 Ρ.
1273 2440 1378 2494 20.

475 2521 863 2586 Anancae'on
902 2530 1308 2580 monstrosum
1354 2496 1740 2595 vocabulum,
1779 2539 1848 2611 Ρ.
1877 2512 2089 2587 264

465 2588 870 2670 Ancillarum
907 2617 1164 2699 negatur
1208 2626 1334 2664 esse
1381 2594 1827 2667 matbr‘civili‘s.
1871 2625 1934 2687 Ρ.
1947 2608 2084 2667 67.

482 2691 879 2766 ,Αηεεῖοὲἰμηι
913 2709 1042 2748 ιιοιι
1083 2673 1210 2750 'vox
1230 2690 1529 2773 hybrida.
1572 2711 1633 2771 p.
1680 2695 1784 2757 93.

479 2780 782 2840 Anticato
822 2794 950 2834 non
991 2794 1115 2835 vox
1154 2775 1432 2856 hybrida.
1476 2795 1532 2856 Ρ.
1582 2783 1684 2838 96.

481 2867 584 2929 Ar
623 2881 781 2920 num
823 2847 932 2938 pro
977 2862 1067 2920 ad
1106 2858 1395 2924 dictum?
1443 2879 1506 2940 Ρ.
1551 2862 1696 2925 204.

482 2945 772 3011 Archous
818 2946 1006 3014 faber.
1050 2965 1116 3025 p.
1165 2950 1268 3007 50.

481 3034 860 3110 Aretalogus
904 3044 1238 3092 monstrosa
1277 3053 1422 3094 vox.
1467 3052 1530 3132 Ρ.
1571 3036 1670 3096 95.

481 3118 750 3198 Argenti
790 3119 917 3178 vivi
953 3139 1109 3177 num
1153 3120 1334 3178 fuerit
1376 3121 1641 3202 antiquis
1687 3108 1998 3199 cognitio?
2038 3135 2101 3195 p.
2146 3121 2312 3179 133.

432 3203 779 3277 ,Asinaria
820 3200 1023 3262 Plauti
1064 3225 1193 3263 non
1218 3204 1338 3275 sic,
1385 3204 1492 3263 sed
1536 3200 1851 3264 Asinarius
1893 3206 2202 3286 inscripta.
2242 3223 2302 3283 p.
2339 3207 2488 3266 299.
2569 3226 2573 3235 ’

487 3295 583 3353 At
627 3289 956 3367 particulae
998 3310 1157 3349 usus.
1201 3307 1262 3368 Ρ.
1307 3289 1454 3349 240.

490 3372 597 3440 Ac
628 3380 761 3433 sein
808 3372 1098 3451 quomodo
1134 3376 1399 3434 formula
1442 3366 1660 3435 Plauto
1701 3375 2031 3434 familiaris.
2073 3392 2164 3454 Ρ.
2186 3374 2329 3438 141.

489 3459 785 3531 Attalus,
822 3460 994 3519 fictus
1039 3457 1479 3538 Spartanorum
1521 3481 1650 3521 rex.
1695 3478 1755 3538 Ρ.
1802 3466 1860 3522 5.

490 3540 766 3627 Aufigrrss
806 3566 885 3602 se
904 3563 1013 3622 pro
1040 3540 1230 3605 abire
1271 3542 1486 3606 Plauto
1529 3549 1837 3607 usitatum.
1879 3560 1943 3628 Ρ.
1990 3550 2093 3606 82.

499 3620 839 3693 Bacchides
882 3633 1084 3690 Plauti
1125 3633 1454 3710 principio
1470 3653 1598 3697 non
1642 3643 1933 3693 carentes.
1980 3641 2043 3710 Ρ.
2090 3634 2231 3693 108.

493 3717 813 3777 Balliolus
850 3735 976 3777 vox
1015 3719 1208 3779 nulla.
1254 3734 1315 3795 Ρ.
1358 3702 1506 3778 312.

322 3798 347 3825 '¹
406 3858 409 3861 .
491 3801 824 3876 Barbara,
870 3820 1029 3902 quae
1072 3823 1108 3862 a
1149 3801 1366 3864 Plauto
1412 3797 1739 3864 dicantur?
1780 3810 1860 3881 Ρ.
1891 3808 1953 3866 9.
2002 3803 2142 3864 57.
2158 3803 2320 3866 158.-

473 3890 669 3949 Bene
707 3890 973 3944 eura-ssia
1015 3886 1166 3969 quid
1209 3888 1548 3966 significet?
1591 3906 1651 3967 Ρ.
1699 3891 1847 3952 235.

496 3970 806 4034 Βσηεᾱὶοε
845 3971 1109 4032 formula
1150 3969 1456 4043 Plautina.
1506 3991 1569 4052 Ρ.
1620 3979 1768 4036 236.

500 4059 846 4119 Bia-linium
883 4074 1038 4117 num
1076 4077 1202 4119 vox
1241 4055 1502 4138 hybrida
1538 4060 1649 4121 sit.
1633 4056 1666 4102 9
1711 4078 1772 4138 Ρ.
1817 4065 1919 4122 90.

502 4145 751 4204 Bonum
779 4141 1038 4222 factum
1083 4154 1146 4204 et
1184 4138 1330 4204 Zeno
1361 4144 1610 4224 factum
1648 4143 1962 4227 differunt.
2017 4161 2083 4225 Ρ.
2131 4145 2274 4204 139.

504 4224 793 4289 Carmina
829 4229 988 4287 inter
1027 4227 1364 4292 lavandum
1402 4236 1664 4293 cantata.
1706 4240 1770 4311 Ρ.
1821 4223 1969 4294 157.

512 4307 771 4389 Carinae
817 4312 1101 4411 prologus
1143 4334 1298 4378 num
1339 4336 1378 4378 a
1417 4313 1638 4381 Plauto
1681 4317 1972 4400 scriptus.
1954 4312 1989 4360 9
2043 4333 2106 4397 Ρ.
2139 4317 2250 4377 66.

1414 4590 1438 4627 1
