2850 4934
1174 152 1190 187 l

1255 273 1762 348 ..13-

1759 374 1784 411 ‘x

462 477 598 544 est,
666 465 915 528 incerta
974 454 1162 525 valde
1237 469 1432 546 atque
1485 458 1719 539 dubia,
1787 460 2265 545 innumerisque
2324 457 2565 527 fabulis

460 565 770 653 implicita
793 591 821 627 ε.
859 585 1017 649 quas
1061 563 1317 648 quidem
1358 583 1509 631 sero
1555 563 1809 626 veritati
1850 558 2060 626 locum
2105 560 2363 639 fecisse,
2408 563 2562 627 inde

459 682 673 757 potest
714 668 950 732 coniici
970 672 1011 744 ,'
1035 666 1207 751 quod
1247 662 1585 730 historiam
1614 686 1653 728 a
1680 664 1956 728 Latinis
1975 662 2183 729 laesis
2212 684 2329 728 sua
2354 664 2561 747 ipsius
2595 711 2608 729 .

459 785 670 836 aetate
712 769 941 832 abesse
987 765 1220 830 Cicero
1265 766 1438 829 dicit.
1538 767 1723 830 Licet
1777 768 1973 850 igitur
2028 763 2181 828 lecti
2236 764 2478 828 fuerint
2507 787 2568 849 a

457 872 687 937 Plauto
728 869 917 957 Fabii
959 869 1280 954 Enniique
1323 866 1651 946 Annales,
1710 868 1986 932 fortasse
2048 868 2241 929 etiam
2287 863 2557 931 Catonis

455 973 646 1053 libri,
723 970 958 1057 quibus
1033 969 1151 1034 illo
1220 972 1360 1055 ipso
1435 970 1720 1055 tempore
1792 970 2140 1054 antiquitas
2206 966 2559 1031 illuminari

456 1086 689 1162 coepta
731 1087 863 1147 est3
907 1075 1064 1138 satis
1098 1086 1310 1139 tamen
1345 1074 1652 1135 incertam
1685 1075 1836 1136 inde
1863 1071 2213 1137 doctrinam
2250 1072 2557 1135 hauserit.

458 1179 643 1257 Quae
702 1198 856 1241 vero
919 1174 1152 1245 Graeci
1208 1177 1556 1242 memoriae
1613 1156 2099 1261 prodiderunt,
2130 1172 2246 1252 ea,
2305 1187 2559 1259 praeter

454 1303 670 1347 rerum
716 1293 1041 1364 gestarum
1087 1279 1469 1361 scriptores,
1527 1279 1639 1340 vix
1685 1298 2060 1363 quemquam
2108 1274 2283 1339 illius
2319 1278 2557 1340 aetatis

453 1382 827 1446 Romanum
860 1383 1068 1444 civem
1106 1381 1178 1441 in
1210 1391 1401 1440 tanto
1445 1377 1957 1455 historicisstudii
1991 1372 2286 1462 neglectu
2320 1400 2556 1463 cogno·
2592 1404 2596 1415 ·

456 1489 627 1557 visse
674 1479 818 1567 plus
876 1500 1067 1565 quam
1129 1458 1479 1541 verisimile
1540 1492 1659 1542 est.
1748 1476 1922 1543 Hinc
1967 1482 2036 1543 in
2080 1500 2223 1569 eam
2271 1481 2554 1545 adducor

451 1587 874 1660 sententiam,
931 1595 1000 1644 ut
1045 1601 1207 1673 quae
1226 1579 1514 1642 Plautus
1556 1595 1742 1644 extra
1784 1552 2143 1647 Romanum
2206 1584 2555 1667 imperium

452 1686 607 1750 olim
651 1697 884 1748 eventa
927 1693 1419 1757 commemorat,
1466 1703 1544 1744 ea
1588 1680 1854 1747 Graecis
1899 1685 2143 1770 poetiS,
2203 1705 2360 1769 quos
2403 1685 2554 1745 imi-

450 1803 618 1853 tatus
677 1782 807 1865 est,
862 1783 1223 1869 sublegisse
1289 1804 1436 1845 eum
1495 1786 1898 1862 existimem3
1965 1792 2234 1871 quoru'm
2296 1786 2550 1871 quidem

445 1887 733 1979 periculo
765 1888 916 1974 quid
947 1897 1011 1948 et
1035 1896 1335 1970 quantum
1362 1889 1748 1969 peccaverit,
1779 1888 2199 1952 camillorum
2221 1902 2546 1972 poetarum

447 1996 687 2079 scripta
749 1990 1092 2075 perierint,
1160 1986 1619 2052 difficillimum
1681 1985 2019 2081 exploratu
2074 1993 2546 2081 diiudicatuque

450 2108 571 2161 est.
685 2092 803 2158 Sui
871 2104 1088 2155 autem
1166 2091 1473 2174 temporis
1556 2090 2008 2155 memorabiles
2086 2114 2232 2172 ros,
2315 2093 2551 2179 quibu,
2649 2110 2657 2119 ’

446 2198 748 2287 gerendis
790 2195 930 2279 ipse
974 2214 1104 2257 non
1146 2190 1561 2264 interfuerat,
1613 2194 1737 2255 etsi
1781 2194 1965 2277 poeta
2017 2180 2272 2281 propter
2315 2218 2548 2260 scenae

291 2340 300 2351 .
392 2281 397 2285 ’
442 2320 634 2365 usum
681 2296 853 2360 haud
912 2268 1110 2358 dubie
1159 2294 1445 2356 studiose
1500 2283 1869 2380 indagaret,
1936 2308 2000 2356 et
2059 2295 2142 2367 qb
2199 2297 2560 2362 multorum.

440 2401 802 2475 hominum,
833 2409 1048 2481 utpote
1062 2408 1407 2471 mercator,
1442 2397 1893 2459 commercium
1916 2394 2107 2459 facile
2139 2402 2544 2483 comperiret,
2622 2450 2631 2476 ,

441 2519 655 2567 tamen
698 2521 815 2587 pro
857 2500 1085 2562 aetatis
1127 2495 1303 2560 illius
1345 2495 1744 2580 publicarum
1774 2495 2102 2560 literarum
2148 2499 2547 2586 negligentia

440 2590 786 2677 maximam
830 2614 1074 2686 partem
1123 2599 1448 2662 audiendo
1491 2613 1733 2663 tantum
1792 2612 1861 2660 et
1919 2599 2390 2666 confabulando
2433 2625 2544 2667 ac·-

440 2704 758 2790 cipiebat3
804 2725 968 2788 quae
1012 2704 1266 2790 quidem
1307 2721 1521 2764 rerum
1550 2715 1908 2785 gestarum,
1956 2704 2021 2765 in
2066 2701 2205 2766 sola
2232 2709 2544 2770 memoria

440 2806 1023 2871 conservandarum
1085 2817 1148 2868 et
1204 2824 1316 2866 ore
1378 2801 1706 2867 hominum
1754 2805 2303 2889 propagandarum
2352 2810 2541 2887 ratio,

398 2888 511 2973 ut
555 2907 830 2972 tuendae
863 2904 1133 2971 'veritati
1178 2908 1441 2970 omniuo
1488 2927 1616 2969 non
1662 2902 2006 2969 utilissima
2040 2922 2176 2987 est,
2225 2911 2323 2972 ita
2347 2896 2588 2994 pluri·
2625 2906 2630 2912 ’

438 3032 615 3075 ιιιιιιιι
659 3011 739 3075 de
770 3007 899 3074 fide
932 3012 1235 3093 derogat,
1278 3010 1575 3094 quando,
1621 3009 2152 3093 quemadmodum
2207 3013 2544 3080 fluminum

436 3130 680 3199 aquae,
728 3134 853 3199 quo
890 3110 1150 3197 longius
1197 3109 1654 3196 prolabuntur,
1702 3122 1782 3172 e'o
1825 3115 2033 3198 magis‘
2076 3114 2308 3182 alienis
2333 3117 2543 3185 ‘rebus

437 3216 740 3279 admixtis
768 3216 1107 3305 'proprium
1152 3232 1450 3298 saporem
1496 3213 1835 3290 amittunt,
1871 3218 1976 3279 sic
2019 3224 2455 3297 narrationes,
2501 3238 2570 3281 e.

434 3317 909 3382 remotioribus,
941 3319 1128 3380 terris
1192 3337 1304 3400 per
1366 3312 1712 3377 multorum
1773 3314 2106 3382 hominum
2168 3342 2281 3383 ora
2335 3333 2538 3384 trans·-
2571 3315 2597 3343 ‘²

435 3420 706 3496 missae,
748 3416 940 3483 facile
984 3421 1419 3481 immutantur.
1511 3412 1693 3490 Quae
1724 3439 1918 3480 causa
1943 3420 2084 3498 fuit,
2131 3443 2243 3483 cur
2287 3418 2540 3486 Teren-

352 3553 354 3557 *
435 3500 601 3598 tius,
632 3521 774 3599 ¹iam
821 3521 1062 3598 doctiS,
1093 3541 1273 3606 quas
1302 3517 1608 3603 reliquit,
1655 3517 1932 3595 fabulis,
1974 3542 2098 3605 quo
2141 3520 2538 3588 Graecorum

432 3625 724 3685 instituta
790 3643 1128 3708 moresque
1191 3612 1547 3684 accuratius
1608 3622 1995 3703 perc-iperet,
2068 3625 2135 3685 in
2196 3622 2536 3690 Graeciam

434 3723 674 3787 abiisse
717 3744 758 3786 a
801 3722 1111 3786 Suetonio
1171 3724 1437 3786 dicatur.
1525 3720 1719 3801 Quod
1767 3734 1978 3787 utrum
2024 3744 2064 3786 a
2100 3723 2328 3789 Plauto
2371 3748 2538 3811 quo-

333 3884 341 3893 ,
433 3846 554 3911 que
597 3824 834 3887 factum
879 3823 1119 3915 fuerit,
1157 3846 1277 3889 nec
1319 3845 1443 3902 ne,
1484 3827 1860 3911 ignoramus
1908 3828 2199 3911 quidem,
2244 3828 2359 3891 sed
2403 3850 2535 3895 non

328 3972 335 3983 ι
430 3922 726 3991 absimile
769 3948 923 3990 vero
954 3935 1296 4012 putamuS,
1353 3929 1667 4013 siquidem
1727 3925 1839 3991 ille
1884 3942 2280 3993 mercaturae
2325 3935 2538 4016 gratia

431 4030 797 4114 peragravit
838 4030 1127 4092 civitates
1174 4026 1486 4095 Graeciae
1521 4029 1821 4111 Italicas,
1875 4054 2039 4118 quae
2076 4035 2280 4118 ipsius
2324 4048 2536 4097 aetate

430 4144 686 4216 praeter
729 4129 1039 4214 Magnam
1084 4128 1306 4212 illam,
1350 4136 1604 4219 proprie
1627 4139 1722 4203 sic
1755 4136 2025 4214 dictam,
2069 4135 2536 4215 extendebatur
2583 4152 2594 4169 ⁸

429 4253 544 4317 per
601 4244 938 4318 utrumque
996 4230 1223 4301 Italiae
1277 4234 1478 4299 litus
1457 4279 1477 4313 ,
1548 4237 1622 4303 in
1680 4259 1910 4323 supero
1969 4241 2133 4303 mari
2190 4238 2272 4303 ab
2330 4237 2539 4303 Adria
2641 4254 2650 4267 “

384 4400 395 4409 ,
430 4334 652 4433 Piceni
696 4354 899 4420 usque
941 4334 1026 4401 ad
1058 4334 1279 4400 Leuca
1320 4322 1823 4406 Sallentinorum
1863 4340 2411 4435 promontorium,
2460 4342 2531 4402 in
