2850 4934
1136 267 1238 282 ...
1339 224 1496 303 254
1592 262 1696 281 .-.
1868 230 1878 285 a

368 424 596 499 coepto
636 413 828 477 deiici
885 423 952 475 et
1009 400 1450 477 contumaciae
1507 409 1705 479 finem
1763 409 2013 483 facere;
2067 411 2248 499 qnod
2273 412 2474 484 ,adeo

368 534 499 583 non
558 515 746 595 facit,
827 527 898 579 ut
955 513 1137 577 abire
1194 534 1338 577 eam
1407 511 1629 577 iubeat
1671 512 2026 598 Paegnium.
2085 510 2192 591 bis
2253 515 2475 582 verbis

369 634 429 677 v.
475 623 610 681 41.:
616 637 779 702 par
811 621 981 702 pari
1014 613 1368 699 respondet
1410 614 1628 688 ἄιστος
1685 613 1803 678 abi
1842 620 2014 691 iam,
2063 614 2322 699 quando
2365 623 2473 683 ita·

371 726 558 783 certa
599 740 737 782 rer
748 726 870 783 ert.
957 713 1174 792 Quare
1216 737 1343 779 non
1389 713 1810 791 dubitamus,
1830 717 1982 801 quin
2029 714 2263 781 ancilla
2288 719 2370 782 ad
2399 721 2476 786 id

318 814 325 821 ’
372 819 575 907 quod
595 841 754 905 puer
809 796 1099 883 dixerat·
1173 815 1362 901 decet
1423 838 1560 894 me,
1626 814 1836 880 simile
1889 815 2045 901 quid
2099 817 2473 901 reddiderit,

330 920 541 1005 ‘quod
590 924 818 1005 opinor
860 919 984 993 hoc
1027 920 1181 984 fuit.
1240 940 1339 984 me
1383 914 1566 983 leand
1618 916 1952 982 dedecet.
1994 916 2094 981 Ac
2151 925 2478 988 neminem

310 1022 325 1046 ²
372 1023 595 1085 mirari
638 1023 1013 1107 conyeniet‚
1075 1020 1259 1086 illam
1299 1020 1490 1095 fateri
1535 1030 1718 1085 suam
1763 1020 2259 1104 turpitudinem,
2328 1046 2476 1091 cum

372 1120 798 1195 bonistetiam
842 1127 955 1190 sed
1015 1124 1321 1210 litigiosis
1366 1136 1431 1185 et
1473 1117 1873 1208 pugnacibus
1917 1120 2288 1190 hominibus
2330 1149 2481 1212 pro-

374 1227 585 1313 prium
631 1229 752 1306 sit,
800 1229 1037 1292 famam
1065 1228 1274 1315 potius
1307 1246 1492 1309 quam
1524 1242 1781 1289 causam
1810 1244 1990 1287 suam
2020 1226 2089 1288 in
2119 1227 2478 1311 periculum

356 1320 732 1426 ‘addacem
777 1329 930 1395 mali
976 1344 1223 1404 autem,
1266 1328 1375 1411 qu‘i
1420 1324 1586 1389 nihil
1627 1346 1700 1390 se
1745 1324 1984 1391 habere
2013 1341 2269 1411 putant,
2306 1333 2478 1414 quod

377 1430 458 1495 de
501 1432 976 1507 existimatione
1033 1431 1330 1518 perdant,
1400 1430 1620 1491 omnia
1662 1429 1805 1492 sine
1844 1428 2055 1493 famae
2083 1430 2478 1497 detrimento

377 1533 592 1597 dicere
635 1554 780 1601 sese
829 1546 894 1597 et
932 1532 1142 1595 facere
1203 1551 1390 1617 posse
1426 1531 1841 1599 existiment.
1944 1529 2127 1605 Quae
2184 1550 2329 1598 cum
2381 1538 2481 1600 ita

378 1633 1000 1712 siut‚-numerorum
1046 1635 1111 1697 in
1154 1631 1279 1727 boc
1321 1626 1516 1695 versu
1558 1624 1989 1716 integritatem
2030 1647 2094 1696 et
2131 1639 2481 1701 sententia-

378 1759 522 1803 rum
565 1741 897 1805 veritatem
934 1738 1026 1800 ita
1057 1736 1308 1799 restitui
1333 1747 1633 1818 oportere
1677 1754 1949 1823 censeo,
1996 1747 2068 1798 ut
2089 1736 2480 1805 scribamus:

380 1855 617 1943 P-aegn.
644 1855 825 1922 Itau'
875 1855 1021 1931 ert-,²
1066 1851 1270 1943 Soph.
1298 1858 1405 1917 ita
1436 1860 1566 1916 ert.
1644 1852 1883 1937 Paegn.
1916 1853 2090 1916 mala
2113 1851 2203 1916 ἐς.
2281 1850 2482 1937 Soph.

464 1958 816 2050 qcelestu'r.
899 1956 1138 2045 Paegn.
1171 1956 1280 2050 ‚me
1325 1956 1534 2027 decet.
1594 1952 1820 2059 soph.
1863 1974 1963 2035 me
1988 1952 2169 2020 haud
2191 1954 2483 2023 dedecet.

683 2228 1106 2299 RUDENS
1171 2212 1405 2297 A‘cr.
1470 2228 1556 2299 ιι.
1618 2229 1723 2296 so.
1781 2229 1895 2295 111.
1955 2248 2018 2294 v
2072 2234 2177 2294 33.
2313 2186 2330 2205 ”

536 2372 801 2449 &redo
763 2431 784 2465 ,
845 2383 1062 2450 hercle
1078 2428 1100 2463 ,
1162 2404 1499 2449 anancaeo
1557 2383 1779 2453 datum
1834 2378 2034 2472 qaod
2062 2346 2339 2449 biberet.

542 2526 870 2629 Longum
938 2555 1073 2608 est
1111 2556 1178 2606 et
1240 2539 1468 2607 inutile
1536 2520 1823 2629 proferre
1880 2541 2091 2608 varias
2152 2506 2498 2608 doctorum

324 2658 331 2665 ·
389 2644 677 2709 virorum
736 2647 813 2733 de
869 2644 995 2711 hoc
1054 2643 1198 2709 loco
1256 2646 1631 2729 opiniones,
1706 2666 1865 2732 quae
1922 2658 2054 2709 tam
2111 2646 2493 2733 arbitrariae

388 2747 765 2845 idoneisque
811 2746 1166 2811 rationibus
1209 2746 1549 2812 destitutae
1594 2762 1777 2829 sunt,
1825 2761 1895 2813 ut
1937 2748 2248 2832 impedire
2275 2749 2491 2837 potius

391 2869 614 2931 quarn
652 2850 957 2923 adiuvare
1020 2839 1427 2915 commodam
1485 2844 2074 2934 interpretationem
2130 2850 2494 2914 videantur.

314 2996 329 3006 ,
390 2936 577 3039 Nam
604 2953 746 3035 ipsa
786 2949 935 3029 illa,
983 2973 1169 3036 quam
1216 2952 1521 3036 proposui
1565 2973 1648 3015 ex
1694 2946 1975 3016 editione
2008 2950 2256 3028 Reizii,
2298 2949 2494 3017 lectio

246 3112 250 3123 ,
289 3085 297 3091 ·
392 3073 765 3143 αηαιιιταεο,
813 3075 854 3116 a
893 3050 1213 3120 Lambino
1256 3073 1340 3115 ex
1382 3055 1626 3117 incerta
1667 3057 1981 3138 scriptura
2024 3056 2318 3121 codicum
2342 3075 2498 3119 con-

395 3152 699 3253 cinnata,¹
734 3175 813 3219 ea
830 3158 977 3269 (etsi
1018 3158 1298 3243 speciem
1340 3171 1404 3220 et
1440 3156 1714 3243 figuram
1742 3154 1981 3220 habeat
2009 3159 2146 3221 veri
2177 3153 2494 3235 vocabuli,

394 3271 608 3319 tamen
669 3279 709 3320 a
763 3279 866 3321 me
924 3270 995 3320 ut
1048 3257 1352 3342 probetur
1410 3281 1537 3323 non
1597 3260 1772 3345 prius
1829 3259 2235 3344 impetrabit,
2301 3256 2492 3341 quam

395 3356 731 3451 didicero,
771 3382 851 3427 an
898 3362 1158 3425 omnino
1202 3359 1461 3447 aliquod
1521 3375 1585 3426 et
1644 3357 1832 3446 quale
1891 3352 2187 3446 poc'ulum
2239 3371 2492 3421 veteres

395 3480 764 3526 anancaeon
821 3453 1142 3531 dixerint.
1202 3462 1299 3528 Id
1324 3484 1542 3537 nemo
1598 3461 1924 3549 bucusque
1983 3462 2224 3526 docuit:
2278 3478 2398 3522 nec
2440 3459 2518 3522 ii·

396 3557 591 3645 loci,
627 3564 863 3659 quibus
918 3564 1380 3645 GasaubonuS,
1451 3563 1806 3642 Gruterus,
1877 3562 2112 3649 aliique
2164 3557 2497 3624 illustrare

396 3659 737 3727 obscurum
783 3664 1164 3731 vocabulum
1225 3669 1604 3747 studuere,
1599 3666 1964 3752 quidquam
2020 3665 2100 3728 ad
2158 3685 2296 3728 rem
2345 3683 2501 3749 per-

394 3760 620 3830 tinent.
723 3765 823 3832 Ac
879 3769 1067 3835 nobis
1141 3772 1394 3856 quidem
1451 3770 1702 3834 videtur
1762 3767 1994 3832 dubiae
2048 3767 2119 3831 in
2176 3764 2302 3829 boc
2351 3762 2500 3841 loco

395 3865 692 3932 lectionis
737 3871 919 3954 origo
968 3871 1194 3937 deberi
1233 3846 2080 3957 librariorum.inscientiae,
2123 3888 2308 3955 quos,
2347 3864 2504 3930 licet

397 3967 496 4033 illi
541 3968 917 4056 saepissime
965 3970 1215 4059 alienae
1260 3974 1592 4039 socordiae
1638 3973 1890 4060 culpam
1919 3974 2233 4038 sustinere
2268 3960 2504 4055 cogan-

388 4084 539 4150 ¹tur,
589 4071 927 4139 multorum
973 4089 1186 4140 tamen
1229 4079 1297 4141 in
1339 4075 1579 4141 latinos
1617 4072 1960 4163 scriptores
1991 4074 2313 4141 illatorum
2354 4069 2503 4132 viti-

399 4194 582 4238 orum
641 4178 907 4249 crimine
944 4176 1056 4243 'ob
1113 4181 1329 4269 graeci
1354 4174 1371 4183 χ
1401 4181 1718 4247 sermonis
1781 4181 2213 4264 ignorantiam
2269 4172 2504 4239 merito

400 4280 816 4345 arcessendos
860 4299 1045 4362 esse,
1091 4282 1260 4347 inter
1303 4282 1592 4375 eruditos
1634 4293 1905 4346 constat.
1990 4280 2097 4345 Ex
2132 4277 2257 4343 hoc
2285 4285 2504 4359 autem
