<?xml version="1.0" encoding="UTF-8"?>
<!DOCTYPE html PUBLIC "-//W3C//DTD XHTML 1.0 Transitional//EN"
    "http://www.w3.org/TR/xhtml1/DTD/xhtml1-transitional.dtd">
<html xmlns="http://www.w3.org/1999/xhtml" xml:lang="en" lang="en">
 <head>
  <title>
</title>
<meta http-equiv="Content-Type" content="text/html;charset=utf-8" />
  <meta name='ocr-system' content='tesseract 3.04.00' />
  <meta name='ocr-capabilities' content='ocr_page ocr_carea ocr_par ocr_line ocrx_word'/>
</head>
<body>
  <div class='ocr_page' id='page_1' title='image "./fredguilehrenfr00unkngoog_0056.png"; bbox 0 0 2850 4934; ppageno 0'>
   <div class='ocr_carea' id='block_1_1' title="bbox 1184 273 1721 387">
    <p class='ocr_par' dir='ltr' id='par_1_1' title="bbox 1184 273 1721 387">
     <span class='ocr_line' id='line_1_1' title="bbox 1184 273 1721 387; baseline -0.009 0"><span class='ocrx_word' id='word_1_1' title='bbox 1184 273 1721 387; x_wconf 5' lang='lat'>?-—³2.-</span> 
     </span>
    </p>
   </div>
   <div class='ocr_carea' id='block_1_2' title="bbox 408 432 2665 548">
    <p class='ocr_par' dir='ltr' id='par_1_2' title="bbox 408 432 2665 548">
     <span class='ocr_line' id='line_1_2' title="bbox 408 432 2665 548; baseline -0.003 -19"><span class='ocrx_word' id='word_1_2' title='bbox 408 472 493 529; x_wconf 77' lang='grc' dir='ltr'><strong>ιιι</strong></span> <span class='ocrx_word' id='word_1_3' title='bbox 530 480 660 543; x_wconf 72' lang='lat' dir='ltr'><strong>nou</strong></span> <span class='ocrx_word' id='word_1_4' title='bbox 700 463 932 529; x_wconf 83' lang='lat' dir='ltr'><strong>mirum</strong></span> <span class='ocrx_word' id='word_1_5' title='bbox 975 462 1098 544; x_wconf 79' lang='lat' dir='ltr'><strong>sit,</strong></span> <span class='ocrx_word' id='word_1_6' title='bbox 1126 432 1191 527; x_wconf 77' lang='lat' dir='ltr'><strong>si</strong></span> <span class='ocrx_word' id='word_1_7' title='bbox 1230 461 1342 548; x_wconf 76' lang='lat' dir='ltr'><strong>qui</strong></span> <span class='ocrx_word' id='word_1_8' title='bbox 1382 457 1488 527; x_wconf 72' lang='lat' dir='ltr'><strong>bis&#39;</strong></span> <span class='ocrx_word' id='word_1_9' title='bbox 1527 457 1786 525; x_wconf 71' lang='lat' dir='ltr'><strong>finibus·</strong></span> <span class='ocrx_word' id='word_1_10' title='bbox 1814 434 2068 527; x_wconf 74' lang='lat' dir='ltr'><strong>omnem</strong></span> <span class='ocrx_word' id='word_1_11' title='bbox 2095 463 2268 531; x_wconf 81' lang='lat' dir='ltr'><strong>risus</strong></span> <span class='ocrx_word' id='word_1_12' title='bbox 2311 474 2513 531; x_wconf 76' lang='lat' dir='ltr'><strong>mate·</strong></span> <span class='ocrx_word' id='word_1_13' title='bbox 2556 452 2600 477; x_wconf 70' lang='grc'><strong>“’</strong></span> <span class='ocrx_word' id='word_1_14' title='bbox 2659 512 2665 523; x_wconf 94' lang='grc'>.</span> 
     </span>
    </p>
   </div>
   <div class='ocr_carea' id='block_1_3' title="bbox 302 554 2612 3810">
    <p class='ocr_par' dir='ltr' id='par_1_3' title="bbox 302 554 2612 3810">
     <span class='ocr_line' id='line_1_3' title="bbox 351 554 2512 652; baseline 0 -22"><span class='ocrx_word' id='word_1_15' title='bbox 351 642 359 651; x_wconf 85' lang='lat'><strong>.</strong></span> <span class='ocrx_word' id='word_1_16' title='bbox 415 567 581 631; x_wconf 83' lang='lat' dir='ltr'><strong>riam</strong></span> <span class='ocrx_word' id='word_1_17' title='bbox 623 558 1155 651; x_wconf 63' lang='lat' dir='ltr'><strong>comprehensam</strong></span> <span class='ocrx_word' id='word_1_18' title='bbox 1190 554 1414 629; x_wconf 72' lang='lat' dir='ltr'><strong>velint.</strong></span> <span class='ocrx_word' id='word_1_19' title='bbox 1500 560 1602 628; x_wconf 60' lang='lat' dir='ltr'><strong>Ab</strong></span> <span class='ocrx_word' id='word_1_20' title='bbox 1662 564 1986 649; x_wconf 78' lang='lat' dir='ltr'><strong>profecto,</strong></span> <span class='ocrx_word' id='word_1_21' title='bbox 2041 567 2192 652; x_wconf 85' lang='lat' dir='ltr'><strong>quid</strong></span> <span class='ocrx_word' id='word_1_22' title='bbox 2249 580 2386 644; x_wconf 84' lang='lat' dir='ltr'><strong>est,</strong></span> <span class='ocrx_word' id='word_1_23' title='bbox 2440 570 2512 631; x_wconf 85' lang='lat' dir='ltr'><strong>in</strong></span> 
     </span>
     <span class='ocr_line' id='line_1_4' title="bbox 410 663 2515 754; baseline 0.001 -23"><span class='ocrx_word' id='word_1_24' title='bbox 410 687 548 754; x_wconf 76' lang='lat' dir='ltr'><strong>quo</strong></span> <span class='ocrx_word' id='word_1_25' title='bbox 591 671 847 753; x_wconf 84' lang='lat' dir='ltr'><strong>saepius</strong></span> <span class='ocrx_word' id='word_1_26' title='bbox 909 680 1128 731; x_wconf 90' lang='lat' dir='ltr'><strong>nostra</strong></span> <span class='ocrx_word' id='word_1_27' title='bbox 1184 663 1454 731; x_wconf 83' lang='lat' dir='ltr'><strong>fallatur</strong></span> <span class='ocrx_word' id='word_1_28' title='bbox 1493 669 1922 750; x_wconf 75' lang='lat' dir='ltr'><strong>exspectatio,</strong></span> <span class='ocrx_word' id='word_1_29' title='bbox 1983 688 2170 752; x_wconf 76' lang='lat' dir='ltr'><strong>quam</strong></span> <span class='ocrx_word' id='word_1_30' title='bbox 2226 670 2296 749; x_wconf 83' lang='lat' dir='ltr'><strong>in</strong></span> <span class='ocrx_word' id='word_1_31' title='bbox 2354 671 2515 753; x_wconf 79' lang='lat' dir='ltr'><strong>ipsis</strong></span> 
     </span>
     <span class='ocr_line' id='line_1_5' title="bbox 348 765 2546 854; baseline 0 -20"><span class='ocrx_word' id='word_1_32' title='bbox 348 796 353 799; x_wconf 55' lang='lat'><em>²</em></span> <span class='ocrx_word' id='word_1_33' title='bbox 416 768 821 849; x_wconf 73' lang='lat' dir='ltr'><strong>hominibus,</strong></span> <span class='ocrx_word' id='word_1_34' title='bbox 874 772 1017 854; x_wconf 91' lang='lat' dir='ltr'><strong>qui</strong></span> <span class='ocrx_word' id='word_1_35' title='bbox 1088 769 1173 833; x_wconf 89' lang='lat' dir='ltr'><strong>ob</strong></span> <span class='ocrx_word' id='word_1_36' title='bbox 1248 780 1518 832; x_wconf 81' lang='lat' dir='ltr'><strong>naturae</strong></span> <span class='ocrx_word' id='word_1_37' title='bbox 1592 765 2100 831; x_wconf 83' lang='lat' dir='ltr'><strong>imbecillitatem</strong></span> <span class='ocrx_word' id='word_1_38' title='bbox 2162 770 2330 831; x_wconf 81' lang='lat' dir='ltr'><strong>adeo</strong></span> <span class='ocrx_word' id='word_1_39' title='bbox 2379 776 2546 851; x_wconf 22' lang='lat' dir='ltr'><strong>tion*</strong></span> 
     </span>
     <span class='ocr_line' id='line_1_6' title="bbox 414 860 2612 957; baseline 0 -23"><span class='ocrx_word' id='word_1_40' title='bbox 414 874 685 957; x_wconf 79' lang='lat' dir='ltr'><strong>possunt</strong></span> <span class='ocrx_word' id='word_1_41' title='bbox 723 868 850 935; x_wconf 90' lang='lat' dir='ltr'><strong>sibi</strong></span> <span class='ocrx_word' id='word_1_42' title='bbox 894 890 1006 955; x_wconf 87' lang='lat' dir='ltr'><strong>per</strong></span> <span class='ocrx_word' id='word_1_43' title='bbox 1050 872 1268 934; x_wconf 89' lang='lat' dir='ltr'><strong>omnia</strong></span> <span class='ocrx_word' id='word_1_44' title='bbox 1309 882 1625 947; x_wconf 80' lang='lat' dir='ltr'><strong>constare,</strong></span> <span class='ocrx_word' id='word_1_45' title='bbox 1669 882 1740 932; x_wconf 87' lang='lat' dir='ltr'><strong>ut</strong></span> <span class='ocrx_word' id='word_1_46' title='bbox 1765 860 2106 956; x_wconf 81' lang='lat' dir='ltr'><strong>sapientes</strong></span> <span class='ocrx_word' id='word_1_47' title='bbox 2136 870 2329 933; x_wconf 86' lang='lat' dir='ltr'><strong>etiam</strong></span> <span class='ocrx_word' id='word_1_48' title='bbox 2378 891 2511 935; x_wconf 87' lang='lat' dir='ltr'><strong>nou</strong></span> <span class='ocrx_word' id='word_1_49' title='bbox 2605 904 2612 908; x_wconf 81' lang='lat'><strong>·</strong></span> 
     </span>
     <span class='ocr_line' id='line_1_7' title="bbox 415 970 2512 1058; baseline -0 -21"><span class='ocrx_word' id='word_1_50' title='bbox 415 990 670 1058; x_wconf 81' lang='lat' dir='ltr'><strong>semper</strong></span> <span class='ocrx_word' id='word_1_51' title='bbox 717 972 1073 1057; x_wconf 83' lang='lat' dir='ltr'><strong>defugiant</strong></span> <span class='ocrx_word' id='word_1_52' title='bbox 1087 970 1394 1035; x_wconf 76' lang='lat' dir='ltr'><strong>stultitiae</strong></span> <span class='ocrx_word' id='word_1_53' title='bbox 1450 970 1878 1053; x_wconf 71' lang='lat' dir='ltr'><strong>suspicionem</strong></span> <span class='ocrx_word' id='word_1_54' title='bbox 1934 984 2001 1037; x_wconf 82' lang='lat' dir='ltr'><strong>et</strong></span> <span class='ocrx_word' id='word_1_55' title='bbox 2057 970 2512 1055; x_wconf 57' lang='lat' dir='ltr'><strong>opprobrium?</strong></span> 
     </span>
     <span class='ocr_line' id='line_1_8' title="bbox 417 1072 2516 1160; baseline -0 -21"><span class='ocrx_word' id='word_1_56' title='bbox 417 1075 523 1140; x_wconf 84' lang='lat' dir='ltr'><strong>Ex</strong></span> <span class='ocrx_word' id='word_1_57' title='bbox 582 1096 705 1160; x_wconf 79' lang='lat' dir='ltr'><strong>quo</strong></span> <span class='ocrx_word' id='word_1_58' title='bbox 765 1076 1032 1159; x_wconf 89' lang='lat' dir='ltr'><strong>perenni</strong></span> <span class='ocrx_word' id='word_1_59' title='bbox 1090 1074 1458 1137; x_wconf 80' lang='lat' dir='ltr'><strong>festivitatis</strong></span> <span class='ocrx_word' id='word_1_60' title='bbox 1521 1072 1709 1136; x_wconf 64' lang='lat' dir='ltr'><strong>‘fonte</strong></span> <span class='ocrx_word' id='word_1_61' title='bbox 1785 1093 1978 1157; x_wconf 87' lang='lat' dir='ltr'><strong>quum</strong></span> <span class='ocrx_word' id='word_1_62' title='bbox 2037 1075 2516 1147; x_wconf 77' lang='lat' dir='ltr'><strong>comoediarum</strong></span> 
     </span>
     <span class='ocr_line' id='line_1_9' title="bbox 414 1172 2514 1261; baseline -0.002 -20"><span class='ocrx_word' id='word_1_63' title='bbox 414 1178 763 1261; x_wconf 71' lang='lat' dir='ltr'><strong>scriptores</strong></span> <span class='ocrx_word' id='word_1_64' title='bbox 805 1173 1060 1241; x_wconf 87' lang='lat' dir='ltr'><strong>infinita</strong></span> <span class='ocrx_word' id='word_1_65' title='bbox 1103 1188 1168 1238; x_wconf 90' lang='grc' dir='ltr'><strong>ει</strong></span> <span class='ocrx_word' id='word_1_66' title='bbox 1210 1195 1378 1239; x_wconf 85' lang='lat' dir='ltr'><strong>nova</strong></span> <span class='ocrx_word' id='word_1_67' title='bbox 1402 1195 1655 1260; x_wconf 85' lang='lat' dir='ltr'><strong>semper</strong></span> <span class='ocrx_word' id='word_1_68' title='bbox 1686 1175 2072 1260; x_wconf 77' lang='lat' dir='ltr'><strong>adspergant</strong></span> <span class='ocrx_word' id='word_1_69' title='bbox 2099 1194 2217 1238; x_wconf 85' lang='lat' dir='ltr'><strong>nos</strong></span> <span class='ocrx_word' id='word_1_70' title='bbox 2242 1172 2514 1252; x_wconf 85' lang='lat' dir='ltr'><strong>laetitia,</strong></span> 
     </span>
     <span class='ocr_line' id='line_1_10' title="bbox 415 1273 2520 1362; baseline -0 -20"><span class='ocrx_word' id='word_1_71' title='bbox 415 1277 660 1342; x_wconf 79' lang='lat' dir='ltr'><strong>factum</strong></span> <span class='ocrx_word' id='word_1_72' title='bbox 732 1290 866 1355; x_wconf 86' lang='lat' dir='ltr'><strong>est,</strong></span> <span class='ocrx_word' id='word_1_73' title='bbox 953 1292 1055 1357; x_wconf 90' lang='lat' dir='ltr'><strong>ut,</strong></span> <span class='ocrx_word' id='word_1_74' title='bbox 1123 1278 1292 1362; x_wconf 83' lang='lat' dir='ltr'><strong>quod</strong></span> <span class='ocrx_word' id='word_1_75' title='bbox 1353 1273 1690 1340; x_wconf 83' lang='lat' dir='ltr'><strong>ridiculum</strong></span> <span class='ocrx_word' id='word_1_76' title='bbox 1750 1285 1953 1351; x_wconf 88' lang='lat' dir='ltr'><strong>esset,</strong></span> <span class='ocrx_word' id='word_1_77' title='bbox 2026 1277 2251 1345; x_wconf 83' lang='lat' dir='ltr'><strong>eodem</strong></span> <span class='ocrx_word' id='word_1_78' title='bbox 2309 1296 2520 1357; x_wconf 29' lang='lat' dir='ltr'><strong>,seusu</strong></span> 
     </span>
     <span class='ocr_line' id='line_1_11' title="bbox 374 1368 2517 1463; baseline -0.001 -18"><span class='ocrx_word' id='word_1_79' title='bbox 374 1437 391 1445; x_wconf 81' lang='lat'><strong>-</strong></span> <span class='ocrx_word' id='word_1_80' title='bbox 417 1381 733 1443; x_wconf 84' lang='lat' dir='ltr'><strong>comicum</strong></span> <span class='ocrx_word' id='word_1_81' title='bbox 776 1380 1109 1443; x_wconf 77' lang='lat' dir='ltr'><strong>diceretur.</strong></span> <span class='ocrx_word' id='word_1_82' title='bbox 1194 1375 1363 1443; x_wconf 78' lang='lat' dir='ltr'><strong>Nam</strong></span> <span class='ocrx_word' id='word_1_83' title='bbox 1405 1368 1520 1463; x_wconf 76' lang='lat' dir='ltr'><strong>qui</strong></span> <span class='ocrx_word' id='word_1_84' title='bbox 1543 1379 1875 1441; x_wconf 55' lang='lat' dir='ltr'><strong>„comicum</strong></span> <span class='ocrx_word' id='word_1_85' title='bbox 1927 1378 2228 1462; x_wconf 41' lang='lat' dir='ltr'><strong>in’lparte</strong></span> <span class='ocrx_word' id='word_1_86' title='bbox 2270 1389 2517 1443; x_wconf 82' lang='lat' dir='ltr'><strong>tantum</strong></span> 
     </span>
     <span class='ocr_line' id='line_1_12' title="bbox 415 1464 2517 1566; baseline -0.002 -19"><span class='ocrx_word' id='word_1_87' title='bbox 415 1479 675 1547; x_wconf 76' lang='lat' dir='ltr'><strong>ridiculi</strong></span> <span class='ocrx_word' id='word_1_88' title='bbox 713 1492 1062 1566; x_wconf 85' lang='lat' dir='ltr'><strong>reponunt,</strong></span> <span class='ocrx_word' id='word_1_89' title='bbox 1119 1475 1231 1544; x_wconf 80' lang='lat' dir='ltr'><strong>eos</strong></span> <span class='ocrx_word' id='word_1_90' title='bbox 1279 1501 1394 1566; x_wconf 88' lang='lat' dir='ltr'><strong>pro</strong></span> <span class='ocrx_word' id='word_1_91' title='bbox 1440 1479 1704 1543; x_wconf 87' lang='lat' dir='ltr'><strong>arbitrio</strong></span> <span class='ocrx_word' id='word_1_92' title='bbox 1752 1492 2042 1542; x_wconf 78' lang='lat' dir='ltr'><strong>statuere</strong></span> <span class='ocrx_word' id='word_1_93' title='bbox 2076 1493 2140 1541; x_wconf 90' lang='lat' dir='ltr'><strong>et</strong></span> <span class='ocrx_word' id='word_1_94' title='bbox 2183 1464 2517 1565; x_wconf 67' lang='lat' dir='ltr'><strong>propterea</strong></span> 
     </span>
     <span class='ocr_line' id='line_1_13' title="bbox 416 1579 2515 1674; baseline 0 -29"><span class='ocrx_word' id='word_1_95' title='bbox 416 1590 639 1646; x_wconf 81' lang='lat' dir='ltr'><strong>errare</strong></span> <span class='ocrx_word' id='word_1_96' title='bbox 682 1602 953 1660; x_wconf 85' lang='lat' dir='ltr'><strong>censeo,</strong></span> <span class='ocrx_word' id='word_1_97' title='bbox 1011 1584 1179 1674; x_wconf 69' lang='lat' dir='ltr'><strong>quod</strong></span> <span class='ocrx_word' id='word_1_98' title='bbox 1224 1581 1531 1666; x_wconf 82' lang='lat' dir='ltr'><strong>quidquid</strong></span> <span class='ocrx_word' id='word_1_99' title='bbox 1575 1582 1646 1643; x_wconf 86' lang='lat' dir='ltr'><strong>in</strong></span> <span class='ocrx_word' id='word_1_100' title='bbox 1697 1583 1828 1644; x_wconf 86' lang='lat' dir='ltr'><strong>vita</strong></span> <span class='ocrx_word' id='word_1_101' title='bbox 1873 1579 2211 1645; x_wconf 86' lang='lat' dir='ltr'><strong>ridiculum</strong></span> <span class='ocrx_word' id='word_1_102' title='bbox 2255 1597 2389 1660; x_wconf 85' lang='lat' dir='ltr'><strong>est,</strong></span> <span class='ocrx_word' id='word_1_103' title='bbox 2445 1581 2515 1646; x_wconf 84' lang='lat' dir='ltr'><strong>id</strong></span> 
     </span>
     <span class='ocr_line' id='line_1_14' title="bbox 419 1681 2516 1768; baseline -0 -20"><span class='ocrx_word' id='word_1_104' title='bbox 419 1684 489 1748; x_wconf 86' lang='lat' dir='ltr'><strong>in</strong></span> <span class='ocrx_word' id='word_1_105' title='bbox 531 1685 889 1759; x_wconf 73' lang='lat' dir='ltr'><strong>imitatione</strong></span> <span class='ocrx_word' id='word_1_106' title='bbox 941 1686 1148 1760; x_wconf 80' lang='lat' dir='ltr'><strong>vitae,</strong></span> <span class='ocrx_word' id='word_1_107' title='bbox 1208 1681 1272 1746; x_wconf 86' lang='lat' dir='ltr'><strong>h.</strong></span> <span class='ocrx_word' id='word_1_108' title='bbox 1319 1704 1374 1745; x_wconf 89' lang='lat' dir='ltr'><strong>e.</strong></span> <span class='ocrx_word' id='word_1_109' title='bbox 1420 1686 1488 1746; x_wconf 91' lang='lat' dir='ltr'><strong>in</strong></span> <span class='ocrx_word' id='word_1_110' title='bbox 1533 1684 1900 1760; x_wconf 85' lang='lat' dir='ltr'><strong>comoedia,</strong></span> <span class='ocrx_word' id='word_1_111' title='bbox 1945 1704 2083 1746; x_wconf 77' lang='lat' dir='ltr'><strong>non</strong></span> <span class='ocrx_word' id='word_1_112' title='bbox 2128 1696 2341 1768; x_wconf 80' lang='lat' dir='ltr'><strong>potest</strong></span> <span class='ocrx_word' id='word_1_113' title='bbox 2382 1704 2516 1749; x_wconf 81' lang='lat' dir='ltr'><strong>non</strong></span> 
     </span>
     <span class='ocr_line' id='line_1_15' title="bbox 418 1781 2517 1870; baseline 0 -21"><span class='ocrx_word' id='word_1_114' title='bbox 418 1785 594 1849; x_wconf 86' lang='lat' dir='ltr'><strong>idem</strong></span> <span class='ocrx_word' id='word_1_115' title='bbox 659 1786 885 1849; x_wconf 84' lang='lat' dir='ltr'><strong>videri.</strong></span> <span class='ocrx_word' id='word_1_116' title='bbox 984 1782 1486 1870; x_wconf 73' lang='lat' dir='ltr'><strong>comprehendit</strong></span> <span class='ocrx_word' id='word_1_117' title='bbox 1551 1787 1753 1870; x_wconf 82' lang='lat' dir='ltr'><strong>igitur</strong></span> <span class='ocrx_word' id='word_1_118' title='bbox 1824 1783 1948 1848; x_wconf 83' lang='lat' dir='ltr'><strong>hoe</strong></span> <span class='ocrx_word' id='word_1_119' title='bbox 2003 1806 2207 1869; x_wconf 69' lang='lat' dir='ltr'><strong>genus</strong></span> <span class='ocrx_word' id='word_1_120' title='bbox 2258 1781 2517 1849; x_wconf 78' lang='lat' dir='ltr'><strong>ridiculi</strong></span> 
     </span>
     <span class='ocr_line' id='line_1_16' title="bbox 423 1884 2512 1972; baseline -0.001 -21"><span class='ocrx_word' id='word_1_121' title='bbox 423 1884 739 1951; x_wconf 85' lang='lat' dir='ltr'><strong>humanos</strong></span> <span class='ocrx_word' id='word_1_122' title='bbox 784 1907 1151 1965; x_wconf 81' lang='lat' dir='ltr'><strong>sermones,</strong></span> <span class='ocrx_word' id='word_1_123' title='bbox 1197 1889 1556 1972; x_wconf 82' lang='lat' dir='ltr'><strong>opiniones,</strong></span> <span class='ocrx_word' id='word_1_124' title='bbox 1601 1885 1895 1965; x_wconf 85' lang='lat' dir='ltr'><strong>consilia,</strong></span> <span class='ocrx_word' id='word_1_125' title='bbox 1940 1891 2247 1963; x_wconf 81' lang='lat' dir='ltr'><strong>actiones,</strong></span> <span class='ocrx_word' id='word_1_126' title='bbox 2285 1894 2512 1971; x_wconf 79' lang='lat' dir='ltr'><strong>opera,</strong></span> 
     </span>
     <span class='ocr_line' id='line_1_17' title="bbox 410 1972 2520 2076; baseline 0 -23"><span class='ocrx_word' id='word_1_127' title='bbox 410 1990 746 2068; x_wconf 86' lang='lat' dir='ltr'><strong>instituta,</strong></span> <span class='ocrx_word' id='word_1_128' title='bbox 812 2010 1057 2064; x_wconf 82' lang='lat' dir='ltr'><strong>mores3</strong></span> <span class='ocrx_word' id='word_1_129' title='bbox 1116 2009 1279 2073; x_wconf 85' lang='lat' dir='ltr'><strong>quae</strong></span> <span class='ocrx_word' id='word_1_130' title='bbox 1328 1989 1582 2073; x_wconf 86' lang='lat' dir='ltr'><strong>quidem</strong></span> <span class='ocrx_word' id='word_1_131' title='bbox 1627 1972 1845 2052; x_wconf 90' lang='lat' dir='ltr'><strong>omnia</strong></span> <span class='ocrx_word' id='word_1_132' title='bbox 1900 2010 1976 2053; x_wconf 88' lang='lat' dir='ltr'><strong>ac</strong></span> <span class='ocrx_word' id='word_1_133' title='bbox 2030 1990 2286 2076; x_wconf 79' lang='lat' dir='ltr'><strong>singula</strong></span> <span class='ocrx_word' id='word_1_134' title='bbox 2327 2012 2520 2076; x_wconf 86' lang='lat' dir='ltr'><strong>quum</strong></span> 
     </span>
     <span class='ocr_line' id='line_1_18' title="bbox 410 2088 2515 2178; baseline 0.001 -23"><span class='ocrx_word' id='word_1_135' title='bbox 410 2088 678 2176; x_wconf 79' lang='lat' dir='ltr'><strong>longum</strong></span> <span class='ocrx_word' id='word_1_136' title='bbox 724 2092 807 2155; x_wconf 85' lang='lat' dir='ltr'><strong>sit</strong></span> <span class='ocrx_word' id='word_1_137' title='bbox 850 2088 957 2153; x_wconf 86' lang='lat' dir='ltr'><strong>vel</strong></span> <span class='ocrx_word' id='word_1_138' title='bbox 986 2093 1351 2155; x_wconf 81' lang='lat' dir='ltr'><strong>summatim</strong></span> <span class='ocrx_word' id='word_1_139' title='bbox 1387 2088 1756 2175; x_wconf 86' lang='lat' dir='ltr'><strong>explicare,</strong></span> <span class='ocrx_word' id='word_1_140' title='bbox 1783 2088 1975 2156; x_wconf 85' lang='lat' dir='ltr'><strong>liceat</strong></span> <span class='ocrx_word' id='word_1_141' title='bbox 2002 2093 2161 2156; x_wconf 84' lang='lat' dir='ltr'><strong>mihi</strong></span> <span class='ocrx_word' id='word_1_142' title='bbox 2202 2091 2515 2178; x_wconf 84' lang='lat' dir='ltr'><strong>exemplis</strong></span> 
     </span>
     <span class='ocr_line' id='line_1_19' title="bbox 407 2189 2517 2278; baseline 0 -21"><span class='ocrx_word' id='word_1_143' title='bbox 407 2192 782 2263; x_wconf 76' lang='lat' dir='ltr'><strong>sermonum</strong></span> <span class='ocrx_word' id='word_1_144' title='bbox 827 2189 1260 2256; x_wconf 88' lang='lat' dir='ltr'><strong>ridiculornm&#39;</strong></span> <span class='ocrx_word' id='word_1_145' title='bbox 1285 2191 1588 2277; x_wconf 77' lang='lat' dir='ltr'><strong>defungi,</strong></span> <span class='ocrx_word' id='word_1_146' title='bbox 1632 2194 1864 2278; x_wconf 85' lang='lat' dir='ltr'><strong>quibus</strong></span> <span class='ocrx_word' id='word_1_147' title='bbox 1905 2196 2295 2272; x_wconf 87' lang='lat' dir='ltr'><strong>ostendetur,</strong></span> <span class='ocrx_word' id='word_1_148' title='bbox 2341 2194 2517 2259; x_wconf 87' lang='lat' dir='ltr'><strong>haud</strong></span> 
     </span>
     <span class='ocr_line' id='line_1_20' title="bbox 401 2293 2515 2379; baseline 0.003 -24"><span class='ocrx_word' id='word_1_149' title='bbox 401 2294 613 2360; x_wconf 70' lang='lat' dir='ltr'><strong>,dubie</strong></span> <span class='ocrx_word' id='word_1_150' title='bbox 653 2312 813 2357; x_wconf 86' lang='lat' dir='ltr'><strong>vera</strong></span> <span class='ocrx_word' id='word_1_151' title='bbox 849 2314 1014 2371; x_wconf 86' lang='lat' dir='ltr'><strong>esse,</strong></span> <span class='ocrx_word' id='word_1_152' title='bbox 1060 2314 1219 2377; x_wconf 87' lang='lat' dir='ltr'><strong>quae</strong></span> <span class='ocrx_word' id='word_1_153' title='bbox 1254 2293 1334 2356; x_wconf 91' lang='lat' dir='ltr'><strong>de</strong></span> <span class='ocrx_word' id='word_1_154' title='bbox 1364 2295 1665 2379; x_wconf 77' lang='lat' dir='ltr'><strong>universa</strong></span> <span class='ocrx_word' id='word_1_155' title='bbox 1697 2293 1952 2359; x_wconf 87' lang='lat' dir='ltr'><strong>ridiculi</strong></span> <span class='ocrx_word' id='word_1_156' title='bbox 1980 2309 2204 2362; x_wconf 78' lang='lat' dir='ltr'><strong>natura</strong></span> <span class='ocrx_word' id='word_1_157' title='bbox 2232 2309 2515 2361; x_wconf 85' lang='lat' dir='ltr'><strong>statuere</strong></span> 
     </span>
     <span class='ocr_line' id='line_1_21' title="bbox 411 2392 2514 2474; baseline 0.002 -14"><span class='ocrx_word' id='word_1_158' title='bbox 411 2408 679 2460; x_wconf 83' lang='lat' dir='ltr'><strong>conatus</strong></span> <span class='ocrx_word' id='word_1_159' title='bbox 707 2416 870 2457; x_wconf 87' lang='lat' dir='ltr'><strong>sum.</strong></span> <span class='ocrx_word' id='word_1_160' title='bbox 954 2394 1043 2456; x_wconf 84' lang='lat' dir='ltr'><strong>At</strong></span> <span class='ocrx_word' id='word_1_161' title='bbox 1068 2393 1175 2457; x_wconf 82' lang='lat' dir='ltr'><strong>hic</strong></span> <span class='ocrx_word' id='word_1_162' title='bbox 1205 2392 1334 2458; x_wconf 89' lang='lat' dir='ltr'><strong>loci</strong></span> <span class='ocrx_word' id='word_1_163' title='bbox 1359 2397 1710 2460; x_wconf 82' lang='lat' dir='ltr'><strong>cavendnm</strong></span> <span class='ocrx_word' id='word_1_164' title='bbox 1744 2398 2019 2460; x_wconf 80' lang='lat' dir='ltr'><strong>maxime</strong></span> <span class='ocrx_word' id='word_1_165' title='bbox 2048 2411 2165 2474; x_wconf 86' lang='lat' dir='ltr'><strong>est,</strong></span> <span class='ocrx_word' id='word_1_166' title='bbox 2195 2418 2286 2463; x_wconf 83' lang='lat' dir='ltr'><strong>ne</strong></span> <span class='ocrx_word' id='word_1_167' title='bbox 2310 2397 2514 2465; x_wconf 74' lang='lat' dir='ltr'><strong>verba</strong></span> 
     </span>
     <span class='ocr_line' id='line_1_22' title="bbox 411 2494 2508 2613; baseline 0.001 -53"><span class='ocrx_word' id='word_1_168' title='bbox 411 2494 552 2613; x_wconf 72' lang='lat' dir='ltr'><strong>illa,</strong></span> <span class='ocrx_word' id='word_1_169' title='bbox 589 2516 749 2582; x_wconf 87' lang='lat' dir='ltr'><strong>quae</strong></span> <span class='ocrx_word' id='word_1_170' title='bbox 778 2516 862 2559; x_wconf 87' lang='lat' dir='ltr'><strong>ex</strong></span> <span class='ocrx_word' id='word_1_171' title='bbox 891 2495 1219 2581; x_wconf 81' lang='lat' dir='ltr'><strong>ambiguo,</strong></span> <span class='ocrx_word' id='word_1_172' title='bbox 1262 2517 1348 2560; x_wconf 86' lang='lat' dir='ltr'><strong>ex</strong></span> <span class='ocrx_word' id='word_1_173' title='bbox 1378 2499 1830 2587; x_wconf 77' lang='grc' dir='ltr'><strong><em>παρονομασία,</em></strong></span> <span class='ocrx_word' id='word_1_174' title='bbox 1863 2519 1975 2582; x_wconf 90' lang='lat' dir='ltr'><strong>per</strong></span> <span class='ocrx_word' id='word_1_175' title='bbox 2000 2496 2508 2581; x_wconf 77' lang='lat' dir='ltr'><strong>translationem,</strong></span> 
     </span>
     <span class='ocr_line' id='line_1_23' title="bbox 411 2588 2513 2686; baseline 0.002 -26"><span class='ocrx_word' id='word_1_176' title='bbox 411 2590 528 2683; x_wconf 82' lang='lat' dir='ltr'><strong>per</strong></span> <span class='ocrx_word' id='word_1_177' title='bbox 553 2600 1004 2676; x_wconf 86' lang='lat' dir='ltr'><strong>inversionem,</strong></span> <span class='ocrx_word' id='word_1_178' title='bbox 1030 2619 1141 2683; x_wconf 88' lang='lat' dir='ltr'><strong>per</strong></span> <span class='ocrx_word' id='word_1_179' title='bbox 1170 2588 1742 2664; x_wconf 85' lang='lat' dir='ltr'><strong>dissimulationem</strong></span> <span class='ocrx_word' id='word_1_180' title='bbox 1769 2599 2207 2684; x_wconf 86' lang='lat' dir='ltr'><strong>intelligenda,</strong></span> <span class='ocrx_word' id='word_1_181' title='bbox 2239 2598 2513 2686; x_wconf 83' lang='lat' dir='ltr'><strong>aliisque</strong></span> 
     </span>
     <span class='ocr_line' id='line_1_24' title="bbox 362 2700 2568 2786; baseline 0.001 -23"><span class='ocrx_word' id='word_1_182' title='bbox 362 2704 385 2709; x_wconf 63' lang='grc'><strong>““</strong></span> <span class='ocrx_word' id='word_1_183' title='bbox 408 2701 621 2763; x_wconf 68' lang='lat' dir='ltr'><strong>mod-ns</strong></span> <span class='ocrx_word' id='word_1_184' title='bbox 648 2701 1051 2785; x_wconf 78' lang='lat' dir='ltr'><strong>argutissime</strong></span> <span class='ocrx_word' id='word_1_185' title='bbox 1081 2713 1146 2764; x_wconf 90' lang='lat' dir='ltr'><strong>et</strong></span> <span class='ocrx_word' id='word_1_186' title='bbox 1170 2701 1558 2766; x_wconf 71' lang='lat' dir='ltr'><strong>facetissime</strong></span> <span class='ocrx_word' id='word_1_187' title='bbox 1573 2705 1901 2780; x_wconf 71' lang='lat' dir='ltr'><strong>dicuntur,</strong></span> <span class='ocrx_word' id='word_1_188' title='bbox 1947 2700 2088 2786; x_wconf 85' lang='lat' dir='ltr'><strong>ipsa</strong></span> <span class='ocrx_word' id='word_1_189' title='bbox 2117 2723 2226 2786; x_wconf 88' lang='lat' dir='ltr'><strong>per</strong></span> <span class='ocrx_word' id='word_1_190' title='bbox 2255 2724 2327 2766; x_wconf 89' lang='lat' dir='ltr'><strong>se</strong></span> <span class='ocrx_word' id='word_1_191' title='bbox 2361 2705 2516 2766; x_wconf 84' lang='lat' dir='ltr'><strong>ridi·</strong></span> <span class='ocrx_word' id='word_1_192' title='bbox 2557 2718 2568 2721; x_wconf 88' lang='grc'>’</span> 
     </span>
     <span class='ocr_line' id='line_1_25' title="bbox 409 2798 2511 2873; baseline 0.001 -8"><span class='ocrx_word' id='word_1_193' title='bbox 409 2798 561 2865; x_wconf 77' lang='lat' dir='ltr'><strong>cula</strong></span> <span class='ocrx_word' id='word_1_194' title='bbox 584 2804 1044 2867; x_wconf 83' lang='lat' dir='ltr'><strong>existimemus.</strong></span> <span class='ocrx_word' id='word_1_195' title='bbox 1118 2801 1500 2873; x_wconf 83' lang='lat' dir='ltr'><strong>Rectissime</strong></span> <span class='ocrx_word' id='word_1_196' title='bbox 1530 2810 1700 2869; x_wconf 86' lang='lat' dir='ltr'><strong>enim</strong></span> <span class='ocrx_word' id='word_1_197' title='bbox 1729 2805 1953 2869; x_wconf 87' lang='lat' dir='ltr'><strong>Cicero</strong></span> <span class='ocrx_word' id='word_1_198' title='bbox 1984 2826 2066 2868; x_wconf 85' lang='lat' dir='ltr'><strong>ex</strong></span> <span class='ocrx_word' id='word_1_199' title='bbox 2090 2805 2318 2869; x_wconf 86' lang='lat' dir='ltr'><strong>iisdem</strong></span> <span class='ocrx_word' id='word_1_200' title='bbox 2347 2801 2511 2868; x_wconf 90' lang='lat' dir='ltr'><strong>locis</strong></span> 
     </span>
     <span class='ocr_line' id='line_1_26' title="bbox 311 2901 2510 2993; baseline 0 -25"><span class='ocrx_word' id='word_1_201' title='bbox 311 2977 319 2984; x_wconf 47' lang='lat'>‚</span> <span class='ocrx_word' id='word_1_202' title='bbox 406 2901 550 2968; x_wconf 66' lang='lat' dir='ltr'><strong>fere</strong></span> <span class='ocrx_word' id='word_1_203' title='bbox 576 2904 767 2967; x_wconf 80' lang='lat' dir='ltr'><strong>etiam</strong></span> <span class='ocrx_word' id='word_1_204' title='bbox 796 2924 1026 2986; x_wconf 79' lang='lat' dir='ltr'><strong>graves</strong></span> <span class='ocrx_word' id='word_1_205' title='bbox 1052 2908 1401 2969; x_wconf 86' lang='lat' dir='ltr'><strong>sententias</strong></span> <span class='ocrx_word' id='word_1_206' title='bbox 1426 2909 1572 2971; x_wconf 81' lang='lat' dir='ltr'><strong>duci</strong></span> <span class='ocrx_word' id='word_1_207' title='bbox 1599 2929 1787 2993; x_wconf 81' lang='lat' dir='ltr'><strong>posse</strong></span> <span class='ocrx_word' id='word_1_208' title='bbox 1813 2908 2060 2970; x_wconf 87' lang='lat' dir='ltr'><strong>monuit</strong></span> <span class='ocrx_word' id='word_1_209' title='bbox 2088 2906 2197 2984; x_wconf 90' lang='lat' dir='ltr'><strong>(de</strong></span> <span class='ocrx_word' id='word_1_210' title='bbox 2219 2905 2400 2969; x_wconf 83' lang='lat' dir='ltr'><strong>Orat.</strong></span> <span class='ocrx_word' id='word_1_211' title='bbox 2420 2902 2510 2968; x_wconf 90' lang='lat' dir='ltr'><strong>ll.</strong></span> 
     </span>
     <span class='ocr_line' id='line_1_27' title="bbox 408 3004 2532 3105; baseline 0 -37"><span class='ocrx_word' id='word_1_212' title='bbox 408 3006 677 3088; x_wconf 53' lang='lat'><strong>5248).</strong></span> <span class='ocrx_word' id='word_1_213' title='bbox 738 3004 1082 3070; x_wconf 78' lang='lat' dir='ltr'><strong>Sermones</strong></span> <span class='ocrx_word' id='word_1_214' title='bbox 1104 3010 1282 3089; x_wconf 30' lang='lat' dir='ltr'><strong>(enim</strong></span> <span class='ocrx_word' id='word_1_215' title='bbox 1314 3007 1439 3074; x_wconf 85' lang='lat' dir='ltr'><strong>non</strong></span> <span class='ocrx_word' id='word_1_216' title='bbox 1472 3025 1733 3096; x_wconf 85' lang='lat' dir='ltr'><strong>propter</strong></span> <span class='ocrx_word' id='word_1_217' title='bbox 1759 3030 1854 3087; x_wconf 90' lang='lat' dir='ltr'><strong>se,</strong></span> <span class='ocrx_word' id='word_1_218' title='bbox 1891 3008 2008 3072; x_wconf 83' lang='lat' dir='ltr'><strong>sed</strong></span> <span class='ocrx_word' id='word_1_219' title='bbox 2037 3006 2119 3071; x_wconf 91' lang='lat' dir='ltr'><strong>ob</strong></span> <span class='ocrx_word' id='word_1_220' title='bbox 2153 3005 2532 3105; x_wconf 51' lang='lat' dir='ltr'><strong>stultitiam„</strong></span> 
     </span>
     <span class='ocr_line' id='line_1_28' title="bbox 406 3108 2509 3195; baseline 0 -22"><span class='ocrx_word' id='word_1_221' title='bbox 406 3110 725 3173; x_wconf 82' lang='lat' dir='ltr'><strong>sermonis</strong></span> <span class='ocrx_word' id='word_1_222' title='bbox 763 3110 1085 3194; x_wconf 78' lang='lat' dir='ltr'><strong>praesidio</strong></span> <span class='ocrx_word' id='word_1_223' title='bbox 1123 3111 1544 3195; x_wconf 80' lang='lat' dir='ltr'><strong>patefactam,</strong></span> <span class='ocrx_word' id='word_1_224' title='bbox 1575 3108 1881 3175; x_wconf 87' lang='lat' dir='ltr'><strong>ridiculos</strong></span> <span class='ocrx_word' id='word_1_225' title='bbox 1922 3109 2168 3173; x_wconf 80' lang='lat' dir='ltr'><strong>faci&#39;unt</strong></span> <span class='ocrx_word' id='word_1_226' title='bbox 2193 3109 2509 3183; x_wconf 81' lang='lat' dir='ltr'><strong>homines.</strong></span> 
     </span>
     <span class='ocr_line' id='line_1_29' title="bbox 409 3195 2510 3298; baseline 0 -25"><span class='ocrx_word' id='word_1_227' title='bbox 409 3206 488 3273; x_wconf 86' lang='lat' dir='ltr'><strong>Id</strong></span> <span class='ocrx_word' id='word_1_228' title='bbox 529 3230 683 3275; x_wconf 77' lang='lat' dir='ltr'><strong>vero</strong></span> <span class='ocrx_word' id='word_1_229' title='bbox 736 3210 1139 3297; x_wconf 80' lang='lat' dir='ltr'><strong>quadruplici</strong></span> <span class='ocrx_word' id='word_1_230' title='bbox 1196 3213 1387 3277; x_wconf 88' lang='lat' dir='ltr'><strong>modo</strong></span> <span class='ocrx_word' id='word_1_231' title='bbox 1448 3208 1738 3278; x_wconf 84' lang='lat' dir='ltr'><strong>efficitur.</strong></span> <span class='ocrx_word' id='word_1_232' title='bbox 1835 3211 1972 3277; x_wconf 88' lang='lat' dir='ltr'><strong>Aut</strong></span> <span class='ocrx_word' id='word_1_233' title='bbox 2019 3195 2190 3275; x_wconf 86' lang='lat' dir='ltr'><strong>enim</strong></span> <span class='ocrx_word' id='word_1_234' title='bbox 2246 3215 2350 3290; x_wconf 82' lang='lat' dir='ltr'><strong>is‚&#39;</strong></span> <span class='ocrx_word' id='word_1_235' title='bbox 2402 3212 2510 3298; x_wconf 90' lang='lat' dir='ltr'><strong>qui</strong></span> 
     </span>
     <span class='ocr_line' id='line_1_30' title="bbox 408 3302 2554 3400; baseline 0.001 -27"><span class='ocrx_word' id='word_1_236' title='bbox 408 3302 732 3394; x_wconf 71' lang='lat' dir='ltr'><strong>loquitur,</strong></span> <span class='ocrx_word' id='word_1_237' title='bbox 791 3316 930 3398; x_wconf 67' lang='lat' dir='ltr'><strong>ipse</strong></span> <span class='ocrx_word' id='word_1_238' title='bbox 992 3337 1110 3379; x_wconf 87' lang='lat' dir='ltr'><strong>suo</strong></span> <span class='ocrx_word' id='word_1_239' title='bbox 1167 3316 1443 3393; x_wconf 80' lang='lat' dir='ltr'><strong>indicio,</strong></span> <span class='ocrx_word' id='word_1_240' title='bbox 1520 3316 1701 3400; x_wconf 84' lang='lat' dir='ltr'><strong>quasi</strong></span> <span class='ocrx_word' id='word_1_241' title='bbox 1760 3334 2006 3392; x_wconf 83' lang='lat' dir='ltr'><strong>sorex„</strong></span> <span class='ocrx_word' id='word_1_242' title='bbox 2060 3336 2239 3378; x_wconf 88' lang='lat' dir='ltr'><strong>suam</strong></span> <span class='ocrx_word' id='word_1_243' title='bbox 2295 3302 2554 3398; x_wconf 38' lang='lat' dir='ltr'><strong>prodit*⁸</strong></span> 
     </span>
     <span class='ocr_line' id='line_1_31' title="bbox 302 3404 2506 3507; baseline 0.001 -33"><span class='ocrx_word' id='word_1_244' title='bbox 302 3479 311 3489; x_wconf 57' lang='lat'>‚</span> <span class='ocrx_word' id='word_1_245' title='bbox 409 3404 815 3495; x_wconf 78' lang='lat' dir='ltr'><strong>vecordiam,</strong></span> <span class='ocrx_word' id='word_1_246' title='bbox 861 3413 1059 3480; x_wconf 84' lang='lat' dir='ltr'><strong>veluti</strong></span> <span class='ocrx_word' id='word_1_247' title='bbox 1102 3415 1194 3480; x_wconf 88' lang='grc' dir='ltr'><strong>Μ.</strong></span> <span class='ocrx_word' id='word_1_248' title='bbox 1238 3416 1559 3503; x_wconf 78' lang='lat' dir='ltr'><strong>Lepidus,</strong></span> <span class='ocrx_word' id='word_1_249' title='bbox 1599 3439 1856 3507; x_wconf 65' lang='lat' dir='ltr'><strong>quum,</strong></span> <span class='ocrx_word' id='word_1_250' title='bbox 1899 3418 2128 3480; x_wconf 88' lang='lat' dir='ltr'><strong>ceteris</strong></span> <span class='ocrx_word' id='word_1_251' title='bbox 2171 3419 2244 3479; x_wconf 83' lang='lat' dir='ltr'><strong>in</strong></span> <span class='ocrx_word' id='word_1_252' title='bbox 2283 3435 2506 3500; x_wconf 86' lang='lat' dir='ltr'><strong>campo</strong></span> 
     </span>
     <span class='ocr_line' id='line_1_32' title="bbox 408 3514 2509 3605; baseline 0.001 -27"><span class='ocrx_word' id='word_1_253' title='bbox 408 3533 483 3579; x_wconf 84' lang='lat' dir='ltr'><strong>se</strong></span> <span class='ocrx_word' id='word_1_254' title='bbox 524 3516 1004 3596; x_wconf 80' lang='lat' dir='ltr'><strong>exercentibus,</strong></span> <span class='ocrx_word' id='word_1_255' title='bbox 1045 3521 1112 3581; x_wconf 90' lang='lat' dir='ltr'><strong>in</strong></span> <span class='ocrx_word' id='word_1_256' title='bbox 1157 3517 1358 3584; x_wconf 84' lang='lat' dir='ltr'><strong>herba</strong></span> <span class='ocrx_word' id='word_1_257' title='bbox 1402 3523 1540 3605; x_wconf 79' lang='lat' dir='ltr'><strong>ipse</strong></span> <span class='ocrx_word' id='word_1_258' title='bbox 1584 3520 2022 3598; x_wconf 82' lang='lat' dir='ltr'><strong>recubuisset,</strong></span> <span class='ocrx_word' id='word_1_259' title='bbox 2083 3514 2338 3581; x_wconf 88' lang='lat' dir='ltr'><strong>Vellem</strong></span> <span class='ocrx_word' id='word_1_260' title='bbox 2384 3515 2509 3582; x_wconf 89' lang='lat' dir='ltr'><strong>hoo</strong></span> 
     </span>
     <span class='ocr_line' id='line_1_33' title="bbox 407 3617 2508 3701; baseline 0.003 -22"><span class='ocrx_word' id='word_1_261' title='bbox 407 3629 612 3692; x_wconf 74' lang='lat' dir='ltr'><strong>esset,</strong></span> <span class='ocrx_word' id='word_1_262' title='bbox 655 3617 892 3701; x_wconf 83' lang='lat' dir='ltr'><strong>inquit,</strong></span> <span class='ocrx_word' id='word_1_263' title='bbox 930 3617 1249 3684; x_wconf 80' lang='lat' dir='ltr'><strong>laborare.</strong></span> <span class='ocrx_word' id='word_1_264' title='bbox 1333 3621 1469 3686; x_wconf 90' lang='lat' dir='ltr'><strong>Aut</strong></span> <span class='ocrx_word' id='word_1_265' title='bbox 1509 3644 1594 3687; x_wconf 87' lang='lat' dir='ltr'><strong>ex</strong></span> <span class='ocrx_word' id='word_1_266' title='bbox 1636 3620 1910 3685; x_wconf 87' lang='lat' dir='ltr'><strong>alicuius</strong></span> <span class='ocrx_word' id='word_1_267' title='bbox 1949 3624 2211 3685; x_wconf 86' lang='lat' dir='ltr'><strong>dicterio</strong></span> <span class='ocrx_word' id='word_1_268' title='bbox 2243 3619 2508 3687; x_wconf 85' lang='lat' dir='ltr'><strong>alterius</strong></span> 
     </span>
     <span class='ocr_line' id='line_1_34' title="bbox 408 3712 2538 3810; baseline 0.002 -31"><span class='ocrx_word' id='word_1_269' title='bbox 408 3715 681 3802; x_wconf 83' lang='lat' dir='ltr'><strong>emergit</strong></span> <span class='ocrx_word' id='word_1_270' title='bbox 704 3718 991 3799; x_wconf 82' lang='lat' dir='ltr'><strong>stultitia,</strong></span> <span class='ocrx_word' id='word_1_271' title='bbox 1022 3721 1223 3786; x_wconf 81' lang='lat' dir='ltr'><strong>veluti</strong></span> <span class='ocrx_word' id='word_1_272' title='bbox 1256 3745 1452 3808; x_wconf 82' lang='lat' dir='ltr'><strong>quum</strong></span> <span class='ocrx_word' id='word_1_273' title='bbox 1481 3712 1812 3810; x_wconf 70' lang='lat' dir='ltr'><strong>Diogenes</strong></span> <span class='ocrx_word' id='word_1_274' title='bbox 1846 3726 2186 3787; x_wconf 86' lang='lat' dir='ltr'><strong>considens</strong></span> <span class='ocrx_word' id='word_1_275' title='bbox 2211 3724 2538 3808; x_wconf 57' lang='lat' dir='ltr'><strong>proxime»</strong></span> 
     </span>
    </p>
   </div>
   <div class='ocr_carea' id='block_1_4' title="bbox 282 3810 2503 3911">
    <p class='ocr_par' dir='ltr' id='par_1_4' title="bbox 282 3810 2503 3911">
     <span class='ocr_line' id='line_1_35' title="bbox 282 3810 2503 3911; baseline 0.001 -29"><span class='ocrx_word' id='word_1_276' title='bbox 282 3882 299 3891; x_wconf 71' lang='grc'><strong>,</strong></span> <span class='ocrx_word' id='word_1_277' title='bbox 354 3810 365 3819; x_wconf 24' lang='grc' dir='ltr'>Χ</span> <span class='ocrx_word' id='word_1_278' title='bbox 407 3839 555 3882; x_wconf 87' lang='grc' dir='ltr'>ειιιιι</span> <span class='ocrx_word' id='word_1_279' title='bbox 586 3815 845 3899; x_wconf 80' lang='lat' dir='ltr'><strong>lecum,</strong></span> <span class='ocrx_word' id='word_1_280' title='bbox 886 3810 1030 3910; x_wconf 80' lang='lat' dir='ltr'><strong>‘quo</strong></span> <span class='ocrx_word' id='word_1_281' title='bbox 1073 3822 1305 3910; x_wconf 85' lang='lat' dir='ltr'><strong>aliquis</strong></span> <span class='ocrx_word' id='word_1_282' title='bbox 1349 3829 1682 3911; x_wconf 80' lang='lat' dir='ltr'><strong>imperitus</strong></span> <span class='ocrx_word' id='word_1_283' title='bbox 1731 3823 2045 3896; x_wconf 86' lang='lat' dir='ltr'><strong>iaculator</strong></span> <span class='ocrx_word' id='word_1_284' title='bbox 2092 3822 2503 3900; x_wconf 84' lang='lat' dir='ltr'><strong>collineabat,</strong></span> 
     </span>
    </p>
   </div>
   <div class='ocr_carea' id='block_1_5' title="bbox 280 3921 2538 4419">
    <p class='ocr_par' dir='ltr' id='par_1_5' title="bbox 280 3921 2538 4419">
     <span class='ocr_line' id='line_1_36' title="bbox 405 3921 2504 4009; baseline 0.003 -26"><span class='ocrx_word' id='word_1_285' title='bbox 405 3921 985 4007; x_wconf 77' lang='lat' dir='ltr'><strong>interrogantibus,</strong></span> <span class='ocrx_word' id='word_1_286' title='bbox 1033 3945 1145 3990; x_wconf 91' lang='lat' dir='ltr'><strong>cur</strong></span> <span class='ocrx_word' id='word_1_287' title='bbox 1189 3927 1574 4006; x_wconf 59' lang='lat' dir='ltr'><strong>Miscet-et,</strong></span> <span class='ocrx_word' id='word_1_288' title='bbox 1618 3926 1720 3991; x_wconf 88' lang='lat' dir='ltr'><strong>Ne</strong></span> <span class='ocrx_word' id='word_1_289' title='bbox 1750 3927 1949 4002; x_wconf 87' lang='lat' dir='ltr'><strong>forte,</strong></span> <span class='ocrx_word' id='word_1_290' title='bbox 1997 3926 2347 4009; x_wconf 86' lang='lat' dir='ltr'><strong>respondit,</strong></span> <span class='ocrx_word' id='word_1_291' title='bbox 2392 3921 2504 3986; x_wconf 77' lang='lat' dir='ltr'><strong>ille</strong></span> 
     </span>
     <span class='ocr_line' id='line_1_37' title="bbox 406 4014 2538 4104; baseline -0.001 -15"><span class='ocrx_word' id='word_1_292' title='bbox 406 4044 513 4089; x_wconf 85' lang='lat' dir='ltr'><strong>me</strong></span> <span class='ocrx_word' id='word_1_293' title='bbox 553 4024 760 4090; x_wconf 84' lang='lat' dir='ltr'><strong>feriat.</strong></span> <span class='ocrx_word' id='word_1_294' title='bbox 814 4024 979 4089; x_wconf 67' lang='lat' dir='ltr'><strong>‘Aut</strong></span> <span class='ocrx_word' id='word_1_295' title='bbox 1021 4028 1149 4090; x_wconf 82' lang='lat' dir='ltr'><strong>duo</strong></span> <span class='ocrx_word' id='word_1_296' title='bbox 1192 4029 1284 4093; x_wconf 85' lang='lat' dir='ltr'><strong>ita</strong></span> <span class='ocrx_word' id='word_1_297' title='bbox 1324 4050 1657 4093; x_wconf 85' lang='lat' dir='ltr'><strong>sermones</strong></span> <span class='ocrx_word' id='word_1_298' title='bbox 1689 4040 1948 4104; x_wconf 88' lang='lat' dir='ltr'><strong>serunt,</strong></span> <span class='ocrx_word' id='word_1_299' title='bbox 1996 4040 2068 4088; x_wconf 89' lang='lat' dir='ltr'><strong>ut</strong></span> <span class='ocrx_word' id='word_1_300' title='bbox 2112 4047 2195 4089; x_wconf 87' lang='lat' dir='ltr'><strong>ex</strong></span> <span class='ocrx_word' id='word_1_301' title='bbox 2240 4014 2538 4097; x_wconf 61' lang='lat' dir='ltr'><strong>alterius*</strong></span> 
     </span>
     <span class='ocr_line' id='line_1_38' title="bbox 405 4122 2509 4216; baseline -0.001 -25"><span class='ocrx_word' id='word_1_302' title='bbox 405 4146 715 4212; x_wconf 80' lang='lat' dir='ltr'><strong>responso</strong></span> <span class='ocrx_word' id='word_1_303' title='bbox 745 4125 1010 4191; x_wconf 79' lang='lat' dir='ltr'><strong>alterius</strong></span> <span class='ocrx_word' id='word_1_304' title='bbox 1041 4129 1485 4208; x_wconf 78' lang='lat' dir='ltr'><strong>manifestetur</strong></span> <span class='ocrx_word' id='word_1_305' title='bbox 1509 4131 1963 4216; x_wconf 80' lang='lat' dir='ltr'><strong>imprudentia,</strong></span> <span class='ocrx_word' id='word_1_306' title='bbox 2009 4123 2113 4189; x_wconf 87' lang='lat' dir='ltr'><strong>vel</strong></span> <span class='ocrx_word' id='word_1_307' title='bbox 2160 4128 2208 4191; x_wconf 88' lang='lat' dir='ltr'><strong>ti</strong></span> <span class='ocrx_word' id='word_1_308' title='bbox 2236 4122 2309 4193; x_wconf 83' lang='lat' dir='ltr'><strong>C.</strong></span> <span class='ocrx_word' id='word_1_309' title='bbox 2338 4126 2509 4191; x_wconf 79' lang='lat' dir='ltr'><strong>Lae-</strong></span> 
     </span>
     <span class='ocr_line' id='line_1_39' title="bbox 403 4224 2504 4319; baseline -0.001 -28"><span class='ocrx_word' id='word_1_310' title='bbox 403 4224 572 4306; x_wconf 87' lang='lat' dir='ltr'><strong>lius,</strong></span> <span class='ocrx_word' id='word_1_311' title='bbox 646 4250 843 4316; x_wconf 83' lang='lat' dir='ltr'><strong>quum</strong></span> <span class='ocrx_word' id='word_1_312' title='bbox 901 4230 963 4294; x_wconf 88' lang='lat' dir='ltr'><strong>ei</strong></span> <span class='ocrx_word' id='word_1_313' title='bbox 1015 4231 1313 4313; x_wconf 87' lang='lat' dir='ltr'><strong>quidam,</strong></span> <span class='ocrx_word' id='word_1_314' title='bbox 1383 4228 1557 4296; x_wconf 87' lang='lat' dir='ltr'><strong>malo</strong></span> <span class='ocrx_word' id='word_1_315' title='bbox 1612 4252 1852 4319; x_wconf 89' lang='lat' dir='ltr'><strong>genere</strong></span> <span class='ocrx_word' id='word_1_316' title='bbox 1926 4242 2155 4308; x_wconf 86' lang='lat' dir='ltr'><strong>natus,</strong></span> <span class='ocrx_word' id='word_1_317' title='bbox 2233 4228 2504 4305; x_wconf 81' lang='lat' dir='ltr'><strong>diceret,</strong></span> 
     </span>
     <span class='ocr_line' id='line_1_40' title="bbox 280 4318 2506 4419; baseline -0.001 -24"><span class='ocrx_word' id='word_1_318' title='bbox 280 4318 291 4332; x_wconf 83' lang='grc'><strong><em>’</em></strong></span> <span class='ocrx_word' id='word_1_319' title='bbox 368 4324 742 4419; x_wconf 80' lang='lat' dir='ltr'><strong>‚indignum</strong></span> <span class='ocrx_word' id='word_1_320' title='bbox 784 4349 929 4398; x_wconf 77' lang='lat' dir='ltr'><strong>esse</strong></span> <span class='ocrx_word' id='word_1_321' title='bbox 983 4324 1122 4399; x_wconf 76' lang='lat' dir='ltr'><strong>suis</strong></span> <span class='ocrx_word' id='word_1_322' title='bbox 1172 4331 1565 4415; x_wconf 83' lang='lat' dir='ltr'><strong>maioribus,</strong></span> <span class='ocrx_word' id='word_1_323' title='bbox 1621 4333 1712 4405; x_wconf 86' lang='lat' dir='ltr'><strong>At</strong></span> <span class='ocrx_word' id='word_1_324' title='bbox 1766 4329 2068 4412; x_wconf 85' lang='lat' dir='ltr'><strong>hercule,</strong></span> <span class='ocrx_word' id='word_1_325' title='bbox 2120 4331 2371 4419; x_wconf 85' lang='lat' dir='ltr'><strong>inquit,</strong></span> <span class='ocrx_word' id='word_1_326' title='bbox 2433 4340 2506 4393; x_wconf 85' lang='lat' dir='ltr'><strong>tu</strong></span> 
     </span>
    </p>
   </div>
   <div class='ocr_carea' id='block_1_6' title="bbox 2831 2783 2834 3297">
    <p class='ocr_par' dir='ltr' id='par_1_6' title="bbox 2831 2783 2834 3297">
     <span class='ocr_line' id='line_1_41' title="bbox 2831 2783 2834 3297; baseline 0 0"><span class='ocrx_word' id='word_1_327' title='bbox 2831 2783 2834 3297; x_wconf 95' lang='lat' dir='ltr'><strong> </strong></span> 
     </span>
    </p>
   </div>
  </div>
 </body>
</html>
