2850 4934
872 251 1003 366 ζ’·
1196 307 1360 383 Λ--
1456 264 1563 347 48
1661 312 1761 327 --

463 461 657 539 sint,
683 430 757 525 ιιι
796 449 1025 549 morbo
1052 422 1377 533 comitiali
1420 455 1716 541 oppressi
1751 454 2102 521 curationis
2159 436 2354 537 causa
2395 478 2566 553 nQ

464 580 653 649 quam
692 558 1000 643 insputati
1042 554 1242 619 fuisse
1286 557 1916 645 videantur31amen
1953 579 2077 625 non
2114 556 2357 639 dubito,
2383 560 2568 725 τ(ιιιῇιι

463 664 529 725 in
585 657 877 725 Plautino
919 655 1061 720 loco
1109 657 1185 719 de
1246 655 1368 721 hoc
1433 656 1658 737 morbo
1722 628 2128 743 cogitandum
2186 661 2314 725 sit.
2345 656 2570 759 ιιψιὶ

466 761 698 853 quibus
753 760 863 821 de
897 759 1105 822 causis
1176 756 1629 835 Schmiederus
1705 759 1958 846 quidem
2028 757 2231 824 solam
2293 722 2583 845 rabiemff

465 885 681 959 neque
731 882 885 926 vero
942 856 1313 973 epilepsiam
1372 858 1727 944 significari
1789 876 2041 938 censet,
2108 883 2335 953 nempe
2394 866 2565 951 quod

464 958 591 1030 hoc
649 950 873 1051 morbo
935 963 1206 1045 correpti
1266 983 1385 1041 nec
1453 964 1846 1026 insectentur
1904 960 2102 1042 alios,
2175 966 2562 1033 insectarive

458 1068 744 1186 possint,
807 1078 876 1128 ut
934 1085 1059 1126 non
1112 1060 1435 1149 iubendum
1481 1060 1696 1148 Hegio
1754 1063 1948 1127 suerit
2000 1067 2325 1131 securitati
2403 1090 2560 1147 suae

457 1162 860 1257 prospicere:
927 1186 1045 1227 nec
1085 1166 1149 1228 in
1196 1162 1517 1249 loquendo
1577 1162 1883 1245 delirent,
1941 1188 2137 1252 quare
2197 1171 2560 1243 monendus

452 1273 625 1335 idem
673 1291 797 1333 non
847 1269 1074 1343 fuerit,
1137 1286 1216 1329 ne
1279 1267 1608 1330 crederet
1626 1266 2105 1352 Aristophontis
2166 1268 2388 1349 dictis„
2443 1292 2559 1334 eae

452 1372 613 1439 mihi
659 1393 785 1435 non
840 1371 996 1432 satis
1041 1382 1283 1484 graves
1317 1381 1405 1429 et
1420 1390 1456 1429 a
1489 1390 1556 1430 re
1585 1372 1923 1471 praesenti
1946 1366 2196 1432 alienae
2243 1373 2559 1441 sidentur.

462 1474 913 1555 Praeterquam
978 1470 1145 1532 enim
1195 1464 1373 1552 qnod
1410 1472 1778 1565 nentiquam
1823 1456 2131 1554 repugnat
2175 1475 2445 1552 eundem
2493 1488 2561 1541 et

456 1566 857 1661 epilepticum
886 1585 968 1653 ,et
1012 1570 1334 1634 rabiosum
1383 1564 1564 1648 esse,
1612 1573 1737 1634 dici
1781 1594 2026 1657 quoque
2069 1590 2315 1658 potest,
2360 1574 2559 1649 licere

456 1679 748 1764 personis
794 1676 1091 1749 οοιιιίεἰε,
1150 1675 1403 1757 quando
1459 1662 1652 1737 aliis
1664 1675 1992 1758 imponere
2038 1675 2270 1754 velint,
2327 1700 2428 1743 res
2471 1680 2556 1747 ad

404 1806 421 1825 κ
457 1777 727 1846 consilia
770 1789 889 1839 'sua
931 1774 1402 1845 accommo'date
1465 1774 1732 1860 fingere.
1838 1775 2053 1851 Quare
2098 1775 2437 1861 Tyndarus
2485 1784 2555 1846 in

454 1882 523 1945 id
580 1881 766 1943 unice
822 1880 1143 1952 intentus,
1204 1889 1274 1941 ut
1327 1873 1691 1961 Hegionem
1746 1897 1784 1938 a
1839 1877 2157 1964 colloquio
2215 1902 2352 1945 cum
2410 1880 2562 1945 Ari-

358 2046 369 2059 ,
456 1970 798 2068 stophonte
849 1976 1288 2054 abstraheret,
1349 1999 1463 2062 pro
1527 1982 1663 2042 suis
1722 1980 2010 2047 moribus
2068 1980 2258 2050 facile
2311 1980 2564 2068 fingere

374 2132 380 2139 -
455 2087 701 2172 potuit,
747 2084 961 2145 inesse
1003 2080 1111 2141 isti
1159 2077 1401 2143 homini
1448 2082 1867 2166 gravissimos
1911 2082 2198 2161 monboS,
2239 2080 2353 2146 illa
2400 2099 2560 2148 tem-

455 2199 702 2272 pestate
778 2185 889 2251 vix
958 2202 1077 2266 ope
1139 2178 1419 2259 bumana
1491 2179 1838 2261 levandos,
1908 2186 2176 2273 ideoque
2229 2166 2556 2283 larvarum

458 2285 736 2353 stimulis
779 2283 975 2375 tribui
1016 2279 1240 2359 solitos
1285 2286 1389 2365 (v.
1440 2283 1590 2366 66.)
1643 2296 1707 2346 et
1748 2306 1787 2347 a
1831 2282 2097 2347 Graecis
2154 2291 2279 2351 τῶν
2337 2290 2561 2372 ὃαιμο-
2611 2304 2615 2311 ’

456 2387 785 2470 νιζομένων
827 2385 1085 2449 nomine
1126 2380 1645 2469 comprehensos.
1733 2382 1902 2452 Nam
1973 2383 2125 2448 talia
2177 2390 2245 2452 in
2308 2388 2559 2457 theatro

459 2493 628 2573 dicta
674 2490 800 2551 no'n
849 2487 1147 2549 videntur
1192 2505 1283 2546 ex
1321 2498 1457 2546 arte
1501 2486 1878 2566 iudicanda,
1935 2507 2142 2572 neque
2199 2491 2283 2554 ad
2341 2494 2564 2563 tivum.

456 2590 809 2657 resecanda
851 2584 1032 2666 esse,
1077 2587 1190 2650 sed
1236 2587 1491 2670 pingui,
1536 2600 1604 2649 ut
1645 2589 1859 2667 aiunt,
1901 2587 2200 2654 Minerva
2241 2593 2566 2697 interpre-

457 2694 705 2773 tanda,
762 2704 835 2755 ut
878 2686 1246 2769 voluntatis
1319 2690 1631 2775 personae
1700 2692 1986 2755 comicae
2048 2695 2292 2777 potior,
2359 2716 2568 2812 quan}

455 2796 745 2859 veritatis
794 2807 858 2855 et
887 2800 1149 2859 naturae
1182 2790 1580 2886 necessitatis
1616 2793 1781 2855 ratio
1812 2789 2144 2856 habeatur.
2228 2791 2356 2867 Sed
2384 2797 2562 2865 eius-

454 2898 631 2971 modi
672 2895 1086 2959 excusatione
1131 2913 1257 2955 non
1313 2868 1601 2979 indigere
1648 2892 1935 2957 Plautum
1982 2894 2398 2967 manifestum
2433 2912 2558 2979 est,

458 3001 699 3087 quippe
748 2998 857 3083 qui
923 2996 1085 3062 adeo
1159 2990 1322 3056 nihil
1392 3007 1632 3056 temere
1706 3009 1771 3058 et
1837 2992 2106 3059 licenter
2170 2992 2409 3085 fingat,
2486 3014 2562 3067 ut

452 3104 821 3187 insignem
806 3099 988 3161 artis
1048 3096 1335 3160 medicae
1399 3096 1694 3180 peritiam
1765 3117 1916 3183 prae
1986 3118 2056 3159 se
2097 3096 2280 3163 ferat.
2382 3099 2558 3171 Nam

456 3217 724 3288 quatuor
767 3198 917 3264 illae
957 3181 1371 3285 affectiones,
1440 3221 1598 3285 quas
1637 3211 1903 3286 aegroto
1949 3196 2393 3286 Aristophonti
2434 3206 2558 3268 tri·-

454 3303 631 3381 buit,
692 3301 941 3380 rabies,
1003 3301 1300 3365 ardentes
1355 3299 1566 3379 oculi,
1642 3298 1930 3367 maculae
1986 3299 2235 3365 luridae
2295 3316 2359 3366 et
2413 3316 2556 3367 atra

455 3402 647 3481 bilis,
713 3426 754 3466 a
813 3402 1135 3466 veteribus
1180 3402 1247 3464 in
1292 3399 1646 3487 epilepticis
1704 3419 1814 3468 aut
1868 3406 2139 3468 seorsim
2197 3416 2306 3466 aut
2358 3400 2557 3469 simul

455 3504 831 3571 observatae
873 3506 1321 3607 reperiuntur,
1388 3502 1837 3569 Vetustissimi
1895 3508 2065 3568 enim
2120 3505 2386 3582 medici,
2444 3505 2559 3591 qui

453 3605 826 3674 morborum
901 3625 1128 3670 causas
1204 3602 1541 3687 generales
1614 3627 1699 3669 ex
1774 3592 2109 3668 humorum
2182 3608 2561 3691 intemperie

455 3699 870 3817 derivabant,
943 3702 1315 3792 epilepsiam
1386 3724 1426 3765 a
1493 3707 1725 3790 pituita
1782 3708 2064 3770 maxime
2128 3705 2554 3787 deducebant,

454 3830 590 3900 qua
616 3780 902 3896 quidem
967 3802 1335 3882 cerebrum,
1407 3807 1678 3872 rationis
1747 3807 2004 3899 sedem,
2079 3808 2172 3871 ita
2230 3810 2584 3897 corrumpi,

370 3972 375 3977 .
454 3908 855 3986 statuebant,
904 3921 974 3972 ut
1014 3906 1268 3969 insania
1310 3906 1602 3969 oriretur.
1689 3906 1878 3973 Hanc
1919 3912 2237 3974 insaniam
2283 3910 2555 3996 duplicis

451 4014 709 4100 generis
752 4031 899 4074 esse
941 4007 1192 4073 volunt:
1240 4007 1464 4090 γίνεται
1509 4004 1653 4071 δὲ’
1618 4036 1658 4092 η
1705 4010 2030 4095 διαφθορὰ
2069 4017 2183 4076 τοῦ
2210 4009 2554 4097 ἐγκεφάλου

449 4100 979 4199 ὖπό’.φλέγμα·ιός
1034 4110 1135 4175 καὶ
1184 4109 1398 4191 χολῆς.
1462 4107 1668 4199 γνώσῃ
1727 4112 1797 4177 δὲ
1839 4108 2094 4196 ἔκάτερα
2137 4102 2276 4181 ὧδε,
2335 4111 2397 4176 οἶ
2435 4111 2555 4195 μέν

430 4211 567 4301 ’γὰρ
633 4210 754 4281 ὑπὸ
828 4215 1181 4304 φλέγματοςι
1230 4210 1622 4295 μαινόμενοι,
1653 4212 1917 4300 χῆσυχοί
1964 4204 2038 4279 τέ
2090 4214 2243 4294 εἶσι,
2313 4214 2417 4276 καὶ
2474 4210 2553 4278 οὗ

445 4315 711 4400 βοηταὶ,
765 4314 912 4383 οὐδὲ
952 4311 1365 4404 θορυβώδεις.
1427 4314 1488 4379 οῗ
1542 4315 1614 4380 δὲ
1662 4311 1783 4401 ,ὑπὸ
1833 4319 2059 4400 χολῆς,
2124 4319 2388 4399 ἡλῆκται
2442 4316 2551 4381 καὶ
