2850 4934
1230 230 1247 259 Χ

1138 345 1639 419 -27-..1-

329 520 611 592 deficiat.
708 480 807 592 'Ut
873 548 1012 592 rem
1088 492 1327 595 clarius
1381 524 1806 616 intelligatis,-
1839 527 2010 609 xAA.
2032 573 2052 608 ,
2131 541 2439 626 reputato²

214 656 231 665 -
327 642 600 721 quantas
645 650 851 715 nugas
896 644 1093 717 agant
1139 628 1237 697 illi
1280 631 1614 712 homines,
1643 636 1775 719 *qui
1818 634 2196 697 facetiarum
2241 630 2444 696 artifi-

331 735 508 795 cium
536 729 644 794 vel
676 730 871 817 vulgo
901 747 1089 827 atque
1123 732 1403 818 publice,
1437 733 1539 798 vel
1562 738 1730 799 inter
1760 736 1998 799 amicos
2033 731 2441 849 profitentur.

325 826 567 899 Nonne
625 832 794 912 illis,
870 838 1170 920 quoniam
1236 835 1465 898 fallere
1533 840 1867 916 nesciunt,
1917 834 2004 900 'et
2074 834 2440 921 priusquam

326 934 646 1000 iocularia
703 934 810 999 vel
867 936 1206 1017 dixerunt,
1283 937 1391 1002 vel
1448 938 1773 1020 fecerunt,
1848 952 2035 1025 gestu
2092 950 2159 1002 et
2212 933 2444 1002 habitu

326 1020 737 1107 significant,
790 1043 863 1087 se
907 1022 1176 1087 ridicula
1228 1027 1568 1102 meditata,
1628 1046 1746 1089 nec
1793 1047 1877 1089 ex
1921 1038 2209 1125 tempore
2263 1021 2444 1102 ficta,

327 1125 447 1187 sed
483 1123 674 1187 domo
707 1122 900 1189 allata
922 1127 1230 1189 missuros
1256 1147 1421 1204 esse,
1457 1141 1522 1191 et
1537 1126 1703 1191 facie
1730 1130 1942 1213 magis
1968 1149 2157 1214 quam
2186 1126 2442 1192 facetiis

327 1225 595 1293 ridiculi
651 1212 839 1305 sunt,
900 1222 1109 1291 multi
1143 1248 1335 1312 saepe
1392 1226 1566 1292 sales
1619 1229 1727 1292 diu
1784 1250 1860 1292 ac
1894 1228 2176 1293 *frustra
2210 1251 2445 1294 consu-

328 1320 550 1392 merrdi
607 1342 792 1407 sunt,
860 1328 1079 1392 donec
1124 1329 1567 1414 praesentibus
1627 1333 1826 1395 risum
1886 1328 2162 1416 aliquem
2223 1345 2444 1396 extor-

329 1427 607 1515 queant?
666 1430 795 1524 Segi
839 1435 949 1516 qui
992 1453 1063 1495 se
1097 1430 1519 1517 philosophos
1548 1431 1910 1511 simulant,
1936 1447 2002 1497 et
2029 1436 2446 1514 severitatem

327 1533 507 1595 vitae
544 1544 609 1596 et
650 1534 896 1616 ingenii
943 1555 1092 1617 prae
1137 1556 1208 1599 se
1235 1534 1472 1611 ferunt,
1513 1540 1733 1599 eorum
1777 1538 2147 1620 repentinas
2172 1536 2440 1600 facetias

328 1635 502 1697 risus
544 1647 610 1696 et
652 1633 1004 1701 cachinnus
1043 1649 1270 1720 sponte
1324 1639 1632 1722 sequitur.
1741 1635 2204 1723 Quemcunque
2264 1639 2441 1707 enim
2489 1712 2503 1725 ἱ

330 1736 444 1800 ad
456 1722 660 1799 risum
710 1736 1040 1822 impellere
1099 1735 1431 1814 volumus,
1489 1760 1639 1803 eum
1700 1754 1956 1825 oportet
1989 1739 2182 1827 falli,
2242 1740 2440 1824 idque
2501 1776 2514 1781 -

329 1853 599 1921 repente
644 1852 709 1900 et
756 1858 847 1901 ex
880 1842 1253 1923 improviso.
1341 1837 1511 1905 Nam
1572 1862 1767 1924 quum
1823 1844 1993 1905 risus
2052 1838 2216 1905 nihil
2261 1839 2441 1903 aliud

329 1941 452 2017 sit,
498 1960 687 2023 quam
732 1941 930 2002 animi
973 1953 1147 2003 tanta
1189 1955 1444 2024 tamque
1487 1942 1735 2004 effrena
1775 1940 2059 2021 laetitia,
2121 1955 2192 2004 ut
2237 1962 2442 2033 angu-

331 2043 450 2104 stis
508 2043 787 2125 pectoris
857 2038 1100 2104 finibus
1157 2040 1397 2107 includi
1463 2055 1769 2127 nequeat,
1846 2043 1961 2107 sed
2019 2063 2132 2126 per
2192 2025 2441 2105 vultum

331 2156 527 2226 atque
586 2144 883 2226 spiritum
952 2140 1131 2205 foras
1201 2163 1536 2227 erumpere
1597 2145 1871 2227 gestiat:
1949 2144 2160 2206 omnis
2222 2155 2440 2206 autem

333 2244 536 2317 animi
602 2244 871 2306 affectus
939 2265 1015 2306 re
1068 2246 1384 2327 provisa
1371 2258 1463 2307 et
1517 2246 1980 2328 praemeditata
2052 2242 2440 2307 obtundatur

334 2330 582 2430 potius,
630 2367 817 2431 quam
858 2345 1236 2408 incendatur
1281 2360 1346 2408 et
1382 2361 1687 2424 acuatur,
1732 2348 1799 2407 in
1845 2335 2096 2429 promtu
2131 2359 2259 2424 est,
2304 2366 2439 2409 non

334 2470 528 2534 posse
576 2434 907 2511 hominem
965 2449 1044 2511 ad
1103 2436 1444 2511 ridendum
1489 2451 1924 2527 commoveri,
1976 2450 2103 2510 nisi
2154 2450 2443 2512 animum

334 2572 524 2615 suum
569 2553 770 2614 nimia
811 2549 1057 2613 laetitia
1098 2570 1229 2613 uno
1275 2551 1460 2633 quasi
1500 2550 1744 2635 impetu
1803 2550 2130 2634 perfusum
2185 2551 2468 2617 sentiat..

333 2653 493 2718 Inde
547 2650 658 2730 fit,
715 2666 786 2717 ut
839 2655 1078 2729 risum,
1141 2653 1249 2736 qui
1302 2664 1564 2737 repente
1620 2653 1899 2731 accidat,
1971 2675 2053 2716 ne
2113 2656 2437 2738 sapientes

335 2757 594 2839 quidem
652 2767 718 2818 et
787 2755 1029 2837 austeri
1099 2752 1395 2817 homines
1468 2755 1715 2838 possint
1785 2757 2177 2839 opprimere:
2248 2777 2438 2840 quem

332 2876 492 2920 vero
567 2856 708 2920 fore
773 2856 1243 2940 praeviderint,
1322 2854 1501 2918 leves
1571 2859 1764 2921 etiam
1828 2858 1902 2921 ἐἰ
1969 2859 2173 2921 iocosi
2247 2855 2440 2921 facile

333 2962 675 3024 retineant.
791 2959 893 3022 En
966 2957 1153 3022 vobis
1223 2956 1550 3029 evolutam¹
1608 2956 1873 3021 ·ridiculi
1933 2959 2289 3021 notionem!
2352 2950 2440 3006 2—-

336 3058 506 3124 Nam
549 3061 1246 3147 quod‘imprudentiam
1272 3059 1472 3137 illam,
1517 3062 1596 3123 de
1626 3081 1750 3144 qua
1792 3062 2116 3138 ridemus,
2158 3057 2440 3123 alienam

340 3163 657 3249 diximus,
701 3166 766 3228 id
813 3164 1080 3239 fecimus
1110 3160 1657 3257 consentientibus
1687 3160 1859 3227 haud
1890 3150 2084 3224 dubie
2112 3159 2437 3242 omnibus,
2534 3212 2539 3217 .

212 3278 263 3311 ‘-
336 3258 445 3351 qui
490 3268 851 3333 didicerunt
892 3287 1074 3343 rem,
1139 3286 1329 3350 quam
1387 3264 1706 3347 cogitant,
1765 3285 1806 3324 a
1861 3276 2075 3324 mente
2120 3262 2440 3347 cogitante

334 3369 767 3455 distinguere,
825 3388 1095 3453 eamque
1134 3369 1232 3429 ita
1273 3364 1365 3429 ab·
1416 3367 1633 3428 animo
1691 3366 2063 3450 seiungere,
2126 3378 2198 3429 ut
2254 3366 2440 3451 quasi
2512 3425 2517 3433 .

334 3485 524 3535 extra
565 3494 714 3535 eum
756 3475 966 3557 posita
1010 3470 1322 3532 videatur.
1408 3463 1637 3551 Neque
1682 3469 1946 3535 omnino
1989 3467 2220 3546 refert,
2266 3468 2437 3552 quod

330 3575 658 3639 interdum
702 3594 827 3638 nos
867 3577 1079 3675 ipsos
1092 3571 1410 3634 ridemus:
1460 3569 1577 3632 ubi
1617 3571 1789 3667 enim
1829 3567 1958 3632 hoc
1996 3567 2106 3648 fit,
2150 3568 2494 3654 solemung

260 3684 273 3699 ‘
334 3696 455 3741 nos
492 3699 533 3740 a
580 3676 773 3740 nobis
812 3678 975 3760 ipsis
1016 3690 1317 3759 tanquam
1375 3675 1667 3736 diversos
1717 3674 2035 3757 cogitare·
2101 3670 2208 3735 vel
2266 3671 2439 3769 quod

335 3776 416 3842 Ee
484 3779 682 3847 rebus
747 3780 1031 3844 ridemus
1097 3778 1366 3842 rationis
1422 3797 1700 3842 munere
1769 3772 2155 3839 carentibus.
2253 3754 2441 3838 Niliil

337 3883 535 3944 enim
560 3896 692 3958 est,
751 3883 919 3966 quod
962 3881 1243 3965 prudens
1289 3878 1482 3942 homo
1530 3879 1609 3943 ad
1668 3880 1964 3941 rationis
1988 3874 2247 3962 regulas
2306 3897 2438 3940 nou

336 3985 772 4059 administrari
824 3980 1020 4047 ·velit.
1136 3980 1706 4065 Quamvisjgitur
1760 3983 2136 4077 innumerae
2187 3946 2438 4063 figurae

242 4146 245 4149 .
337 4090 488 4164 sint,
523 4085 861 4171 quibusid,
894 4086 1061 4171 quod
1094 4082 1434 4151 ridiculum
1454 4086 1707 4161 dicitur,
1741 4103 2049 4167 apparere
2081 4095 2144 4144 et
2173 4078 2438 4142 auribus

338 4187 669 4274 oculisque
696 4186 969 4253 illudere
1005 4186 1204 4263 solet;
1247 4201 1462 4250 tamen
1492 4189 1549 4250 si
1577 4207 1617 4248 a
1645 4205 1945 4249 sensuum
1979 4179 2438 4247 consuetudine

336 4293 545 4357 aciem
578 4295 814 4356 mentis
856 4290 1207 4367 abducere,
1255 4304 1523 4374 eamque
1551 4290 1621 4352 in
1647 4285 1865 4351 veram
1891 4289 2018 4355 vim
2051 4298 2116 4347 et
2146 4293 2448 4344 naturam·
2495 4272 2510 4283 ⁸

335 4394 476 4458 eius
520 4395 623 4459 rei
663 4380 999 4477 intendere
1041 4391 1471 4469 voluerimus,
1512 4392 1954 4466 inveniemus,
1999 4405 2146 4448 eam
2188 4400 2440 4466 semper
