2850 4934
1482 101 1500 130 Ι

1245 278 1755 367 ...⁸954

443 464 573 532 fuit
628 425 989 531 vehiculum
1044 467 1127 530 in
1178 460 1395 529 Gallia
1461 467 1795 552 inyentmn
1820 508 1845 545 ‚
1908 462 2131 550 ibique
2185 485 2234 531 a
2282 464 2558 534 Graecis

332 561 341 568 “
443 565 716 648 colonis,
766 551 1307 633 Massiliensibus
1331 560 1630 646 fortasse,
1674 558 2161 660 primo'visum,
2205 581 2272 632 et
2298 570 2555 650 eodem,

443 690 570 755 quo
614 665 714 733 illi
755 655 1217 755 appellabant'
1204 671 1501 749 nomine,
1546 667 1630 733 ab
1653 667 1798 732 aliis
1835 667 2129 732 curribus
2160 669 2555 738 distinctum.
2577 737 2582 742 ,

321 841 327 846 ,
441 761 847 857 Receperunt
910 774 1110 857 igitur
1164 768 1400 835 Graeci
1459 794 1604 836 curn
1659 791 1729 870 re
1788 785 2060 835 nomen
2055 792 2373 860 quoque,
2434 775 2556 840 sed

445 876 573 953 ita,
627 888 699 939 ut
741 875 1094 939 secundum
1135 875 1455 942 sermonis
1507 886 1573 936 et
1628 859 1760 935 oris
1803 874 1909 936 sui
1946 869 2240 939 naturam
2281 878 2556 942 caninae

447 973 676 1060 literae
721 965 1186 1061 ads’pirarent,
1220 973 1614 1062 rhedamque
1657 974 1960 1038 dicerent.
2055 972 2195 1041 Iam
2253 975 2560 1056 Romani,

459 1055 695 1164 quibus
719 1100 835 1162 per
865 1076 1151 1143 Graecos
1169 1073 1423 1141 Galliae
1452 1074 1717 1144 colonos
1745 1076 1937 1143 huius
1959 1081 2225 1164 generis
2257 1077 2564 1144 vehicula

456 1178 634 1244 haud
677 1179 871 1245 dubie
913 1183 1364 1257 innotuerant,
1426 1181 1655 1243 merito
1717 1183 2115 1246 retinuerunt
2169 1179 2558 1246 vocabulum

453 1285 517 1346 ei
540 1285 638 1346 rei
670 1285 1022 1369 proprium,
1067 1283 1131 1346 id
1161 1282 1378 1367 quod
1359 1303 1426 1344 ιιι
1461 1280 1831 1346 nominibus
1859 1303 2072 1347 rerum
2104 1296 2244 1347 arte
2271 1262 2560 1357 humana

449 1385 766 1450 factarum
825 1386 1138 1450 orationis
1199 1384 1625 1469 perspicuitas
1684 1381 1832 1446 fieri
1880 1374 2210 1486 postulat,
2267 1371 2557 1469 adeoque

388 1497 393 1510 '
449 1507 769 1554 memores
818 1495 1088 1573 graecae
1161 1487 1432 1570 originis
1491 1498 1900 1565 manserunt,
1980 1499 2051 1550 ιιι
2102 1483 2265 1550 illud
2309 1504 2558 1571 graeco

451 1610 708 1676 semper
765 1609 944 1653 more
1002 1586 1378 1652 scriberenta
1475 1583 1625 1650 Nec
1679 1584 1867 1653 aliter
1921 1587 2149 1653 facere
2191 1601 2558 1679 potuerunt,

398 1695 403 1702 ⁴
456 1693 967 1778 quandoquidem
1008 1692 1132 1775 ipsi
1176 1686 1545 1762 Galliolim
1589 1709 1717 1752 non
1759 1710 1911 1753 suas
1945 1687 2269 1778 habebant
2308 1687 2558 1769 literas,

454 1796 572 1859 sed
617 1807 778 1858 teste
825 1789 1104 1856 Caesare
1149 1792 1230 1855 de
1268 1786 1447 1855 Bon„
1481 1787 1647 1854 Gall.
1692 1787 1803 1853 Vl.
1852 1796 1953 1855 14.
1996 1795 2067 1856 in
2111 1791 2383 1878 publicis
2426 1794 2563 1877 pri-
2671 1804 2678 1808 “

455 1887 749 1981 vatisque
791 1894 984 1959 rebus
1027 1894 1279 1979 graecis
1321 1889 1530 1956 literis
1591 1891 1955 1961 utebantur.
2039 1895 2212 1979 (vid.
2271 1881 2585 1959 Ritterus'

455 2001 537 2063 in.
571 1999 840 2068 historia
883 1994 1134 2062 Galliae
1184 2017 1247 2079 p.
1292 1998 1509 2058 319-
1529 1998 1674 2059 330.
1693 1997 1717 2079 )
1803 1994 2021 2084 Itaque
2064 2018 2195 2061 vox
2235 1995 2442 2066 rheda
2479 1983 2603 2061 iu⁸

457 2099 753 2185 Romano
797 2118 1094 2164 sermone
1146 2117 1402 2193 semper
1459 2079 1693 2182 hospes
1749 2096 1907 2178 fuit,
1957 2095 2040 2192 *in
2092 2096 2340 2163 Graeco
2395 2099 2578 2162 civis‘

451 2182 625 2269 facta
682 2217 816 2290 est,
878 2221 1042 2287 qnae
1097 2189 1390 2285 legitimo
1450 2198 1713 2262 foedere
1769 2222 1912 2264 oum
1977 2222 2209 2288 graeco
2262 2202 2402 2263 cive
2455 2199 2598 2264 ἐπὶ

453 2307 712 2382 iuncta,
772 2324 899 2366 non
954 2304 1164 2364 vereri
1223 2299 1477 2379 debuit,
1555 2320 1673 2379 ne,
1721 2305 1903 2387 ¹quod
1953 2304 2105 2382 inde
2163 2289 2557 2380 nasceretur,

454 2403 862 2489 epirhedium
923 2413 1211 2466 monstro
1266 2400 1366 2465 illi
1414 2389 1772 2481 Ovidiano,
1826 2405 1999 2489 quod
2054 2403 2574 2476 alienafflcornua.

399 2548 411 2564 .
453 2505 656 2570 fronti
698 2504 912 2567 addita
955 2497 1279 2580 habebat,
1316 2502 1524 2567 simile
1554 2505 1910 2570 videretur.
1983 2505 2113 2571 Sed
2153 2503 2559 2589 epirhedium

454 2619 659 2671 totum
701 2627 737 2668 e
781 2619 1014 2691 graeco
1050 2608 1308 2668 semine
1353 2620 1564 2669 ortum
1609 2622 1760 2685 est,
1777 2606 2065 2695 nihilque
2110 2599 2344 2700 habet,
2388 2609 2561 2697 quod

408 2698 418 2710 ⁸
455 2711 527 2773 in
574 2706 785 2770 forma
828 2704 1146 2787 offendat,
1189 2720 1447 2792 praeter
1486 2699 1870 2790 naevulum,
1905 2732 2104 2796 quem
2148 2710 2418 2777 dubium
2439 2723 2560 2790 est,

352 2839 361 2842 ·
436 2801 672 2882 ,utrum
746 2810 1098 2888 nativum,
1146 2830 1268 2888 an
1292 2811 1691 2875 adsciticium
1760 2815 2134 2898 existimare
2189 2813 2561 2880 debeamus.
2646 2824 2648 2826 ’

315 2950 323 2957 -
382 2923 385 2926 ’
426 2903 816 2998 ‘Oportebat
888 2910 1063 2974 enim
1111 2912 1402 2996 primam
1466 2910 1708 2998 rhedae
1760 2913 2016 2979 literam
2070 2916 2170 2980 in*
2201 2915 2574 2999 οοιιιΡοιιὶιο.

390 3044 394 3049 ·
456 3017 718 3086 nomine
761 3014 1110 3101 geminari3
1169 3035 1359 3099 quam
1422 3003 1775 3110 scripturae
1817 3011 2082 3103 legem,
2142 3017 2310 3079 nisi
2328 3014 2565 3080 Graeci

380 3205 393 3211 ι
456 3123 530 3184 in
588 3116 713 3183 hoc
763 3117 1080 3182 vocabulo
1102 3164 1123 3198 ‚
1176 3132 1265 3183 ἰιι
1320 3121 1389 3183 in
1450 3122 1666 3206 paucis
1724 3116 1871 3184 aliis
1929 3140 1988 3183 e.
2031 3140 2094 3204 g.
2152 3114 2563 3201 καταρακτης,

414 3215 425 3226 ’
458 3219 816 3338 Καλλιρόη,
857 3222 985 3306 ipsi
1028 3217 1487 3307 neglexerunt,
1530 3219 1857 3288 Iuvenalis
1890 3221 2269 3285 necessitate
2297 3220 2566 3283 metrica

373 3393 377 3400 ,
458 3324 689 3388 ductus
733 3324 1013 3407 migrare
1052 3325 1280 3418 potuit.
1370 3326 1527 3409 (vid.
1571 3322 1970 3389 Schneider:
1994 3318 2565 3388 Elementarlehre
2671 3309 2680 3314 ’

463 3424 613 3488 der
626 3426 857 3487 latein.
904 3409 1236 3511 :Sp-ach,
1278 3423 1328 3490 Ι.
1360 3449 1436 3513 Ρ.
1477 3431 1602 3496 202
1648 3439 1715 3489 et
1761 3409 1969 3506 212.)
2325 3473 2356 3480 „

628 3523 821 3624 Quod
851 3527 1122 3613 denique
1151 3528 1568 3611 hybridarum
1597 3548 1827 3602 vocum
1857 3523 2279 3613 fabricatores
2307 3525 2566 3610 ineptae
2659 3541 2665 3550 ‘

459 3630 620 3702 artis
687 3650 841 3691 suae
902 3629 1341 3713 antiquitatem
1395 3627 1548 3693 Iulii
1605 3628 1899 3694 Caesaris
1931 3630 2339 3700 Jauctoritate
2397 3628 2567 3690 tueri

463 3740 825 3814 conantur,
856 3733 966 3815 qui
1008 3728 1221 3814 libros
1258 3729 1430 3810 illos,
1476 3753 1635 3827 quos
1672 3742 1893 3830 contra
1924 3726 2308 3794 Ciceronem
2337 3728 2564 3807 edidit,

458 3822 931 3899 Antio-atonem
961 3833 1307 3916 inscripsit,
1356 3835 1424 3896 in
1471 3854 1549 3896 eo
1595 3831 1753 3898 mihi
1782 3835 2043 3918 egregie
2075 3825 2216 3896 falli
2244 3832 2566 3895 videntur.

222 4005 241 4013 „
328 3966 362 4016 i
457 3923 615 4000 Alia
661 3937 831 3997 enim
893 3948 994 3997 est
1049 3935 1520 4011 communium,
1575 3930 1711 3997 alia
1769 3936 2173 4054 propriorum
2229 3935 2569 4000 nominum

459 4037 649 4104 ratio.
751 4034 874 4101 Illa
928 4037 996 4098 in
1057 4037 1254 4102 variis
1312 4034 1555 4128 linguis
1616 4036 1850 4130 specie
1890 4056 1966 4098 ac
2028 4032 2240 4120 figura
2290 4036 2569 4114 variant,
2649 4097 2656 4100 .

465 4139 630 4203 haec
671 4140 738 4202 in
784 4135 1083 4201 munibus
1128 4139 1298 4202 idem
1339 4152 1592 4202 sonant.
1695 4121 1926 4221 Itaque
1977 4151 2184 4201 catum
2240 4134 2570 4199 hominem
2661 4127 2665 4138 ⁸

444 4240 697 4308 Graeci
744 4240 997 4308 συνετὸν
1053 4237 1160 4301 vel
1190 4246 1556 4325 πανοῦργον
1599 4241 1854 4322 dicunt,
1913 4242 2030 4307 sed
2073 4240 2381 4306 Catonem
2421 4233 2572 4324 Uti-

462 4368 723 4412 oensem
764 4342 1043 4410 Κάτωνα
1087 4342 1437 4436 appellant.
1487 4356 1498 4410 f
2567 4355 2572 4362 ’

1234 4587 1251 4623 ἱ
