2850 4934
1195 306 1704 399 ...254-

396 509 736 579 eonsilium
774 513 868 575 ita
910 494 1425 601 consequuntur,
1471 523 1543 574 ut
1580 508 1831 597 fingant
1873 508 1977 573 vel
2020 526 2290 577 naturae
2325 517 2502 577 veri-

393 629 592 681 tatem
636 634 779 678 cum
822 615 1167 678 manifesto
1207 635 1426 679 errore
1472 613 1812 697 coniungi,
1859 610 1965 675 vel
2004 629 2180 679 recta
2222 628 2288 679 et
2327 608 2500 680 bona

398 715 670 789 consilia
692 718 926 805 Xinepto
969 715 1162 779 modo
1191 719 1434 801 peragi,
1479 713 1582 781 vel
1611 715 1827 805 rebus,
1858 738 1988 805 per
2027 738 2100 780 se
2130 718 2499 802 neutiquam

394 820 873 905 vituperandis,
927 818 1216 882 accidere
1272 815 1555 906 aliquid,
1617 822 1784 903 quod
1842 823 2172 906 sapienter
2221 820 2501 882 instituti

395 926 715 1017 rationem
760 918 1019 1006 repente
1060 919 1272 984 turbet
1313 933 1377 983 et
1420 934 1688 986 evertat.
1775 919 2154 987 Cuiusmodi
2181 922 2497 1005 pictorum

395 1044 631 1110 opera,
678 1044 870 1107 quum
912 1025 982 1086 in
1028 1044 1107 1085 eo
1152 1025 1433 1086 maxime
1479 1020 1791 1100 elaboret,
1835 1032 2058 1102 ntea,
2088 1044 2248 1109 quae
2274 1034 2498 1086 contra

392 1142 688 1192 naturam
734 1139 798 1188 et
843 1127 1323 1189 consuetudinis
1352 1127 1693 1189 veritatem
1723 1126 1909 1204 fiant,
1953 1123 2140 1189 valde
2170 1125 2496 1209 expressis

393 1243 459 1292 et
501 1226 854 1314 grandibus
895 1225 1124 1312 figuris
1168 1225 1630 1305 describantur,
1673 1250 1799 1325 quq
1842 1229 2049 1314 magis
2087 1248 2231 1292 cum
2264 1227 2496 1291 ceteris

387 1333 673 1415 picturae
716 1329 1008 1413 partibus
1053 1332 1465 1407 dissentiant,
1532 1333 1746 1405 exorti
1792 1343 1941 1394 sunt
1996 1326 2325 1406 nonnulli,
2379 1329 2495 1413 qui

388 1435 457 1497 in
495 1430 665 1495 hac
648 1453 787 1515 ipsa
832 1453 1044 1495 rerum
1077 1436 1572 1516 compositarum
1603 1432 2007 1500 dissensione
2038 1446 2104 1495 et
2127 1451 2495 1519 repugnan-

387 1540 481 1601 tia
534 1534 788 1600 ridiculi
847 1546 1174 1605 naturam,
1208 1546 1612 1618 quaererent.
1728 1532 1913 1609 Quae
1967 1536 2065 1598 rei
2120 1536 2492 1618 propositae

387 1638 715 1716 definitio,
762 1639 885 1701 etsi
926 1658 969 1698 a
1013 1637 1283 1699 veritate
1328 1657 1459 1699 non
1506 1638 1769 1699 omnino
1797 1632 2159 1721 abhorret,
2207 1638 2494 1723 quando·-

391 1743 649 1827 quidem'
722 1743 791 1805 in
850 1735 1120 1802 ridiculo
1179 1752 1279 1802 est
1342 1727 1562 1823 utique
1623 1740 1791 1823 quod
1842 1750 2200 1822 repugnat3
2273 1752 2490 1805 tamen
2567 1743 2580 1747 “

387 1829 727 1932 propterea
781 1842 1138 1928 improbari
1192 1841 1416 1919 debet,
1492 1842 1658 1926 quod
1717 1843 1911 1906 nimis
1963 1840 2092 1905 late
2148 1856 2325 1927 patet
2375 1841 2492 1907 illa

391 1947 669 2033 quidem.
782 1943 947 2010 Nam
1008 1966 1139 2009 non
1178 1938 1426 2020 omne,
1509 1944 1678 2028 quod
1732 1957 2081 2029 repugnat,
2147 1945 2492 2013 ridiculum

389 2063 525 2128 est,
571 2050 685 2113 sed
730 2049 898 2134 quod
941 2047 1067 2111 sibi
1109 2049 1235 2132 ipsi
1280 2062 1344 2108 et
1384 2047 1480 2108 ita
1520 2061 1862 2132 repugnat,
1926 2060 1998 2111 ut
2053 2048 2225 2112 idem
2281 2050 2492 2114 videri

392 2166 458 2216 et
501 2174 626 2215 non
673 2154 878 2216 videri
909 2152 1083 2217 velit.
1176 2151 1247 2214 ln
1277 2171 1399 2235 quo
1427 2170 1570 2213 cum
1603 2168 1868 2222 summa
1881 2161 2169 2213 vertatur
2196 2150 2487 2232 stultitia,

388 2277 509 2318 nos
536 2253 737 2331 illam,
787 2278 972 2340 quam
1004 2242 1491 2339 investigamus,
1519 2248 1774 2315 ridiculi
1805 2263 2096 2321 naturam
2117 2256 2488 2337 reponimus

387 2360 459 2420 in
507 2359 765 2451 opinata
826 2359 1199 2441 piudentia,
1262 2374 1546 2439 eamque
1592 2353 1865 2438 primam
1923 2350 2184 2415 ridiculi
2238 2369 2488 2438 partem

388 2460 630 2525 non-in
677 2460 1047 2540 quaestione
1089 2455 1332 2534 solum,
1380 2459 1494 2519 sed
1533 2458 1596 2518 in
1642 2457 1912 2540 ipsa're,
1954 2474 2099 2518 esse
2121 2456 2487 2522 statuimus.
2596 2482 2602 2502 ¹

394 2561 587 2637 Quod
628 2563 791 2623 adeo
833 2580 1054 2621 verum
1106 2572 1240 2636 est,
1301 2572 1373 2621 ut
1414 2579 1497 2621 ne
1539 2555 1798 2621 illorum
1854 2552 2107 2641 quidem
2164 2558 2485 2644 exempla,

393 2665 502 2748 qui
541 2685 581 2726 a
622 2660 892 2726 stultitia
935 2661 1015 2723 ad
1061 2663 1437 2744 sapientiam
1485 2673 1746 2745 repente
1790 2657 2167 2737 deflectunt,
2229 2675 2490 2725 senten-

388 2768 540 2828 tiam
572 2768 853 2827 nostram
888 2760 1206 2855 msellsnt,
1274 2761 1444 2826 Nam
1475 2765 1533 2826 si
1563 2762 1897 2847 prodigum
1925 2781 2137 2845 parce,
2177 2763 2485 2851 ignavum

383 2867 670 2942 fortiter,
712 2869 1118 2928 temeraiium
1151 2874 1333 2929 caute
1363 2867 1578 2931 subito
1613 2886 1690 2928 ac
1734 2861 2027 2927 celeriter
2070 2885 2263 2947 agere
2305 2867 2485 2929 vide·-

288 2983 295 2993 “
383 2991 563 3048 ιιιιιε,
609 2968 691 3031 ob
734 2970 797 3031 id
847 2971 1053 3052 ipsum
1098 2971 1417 3048 ridemus,
1478 2968 1682 3055 quod,
1747 2987 1935 3065 quum
1979 2968 2245 3031 insanos
2287 2970 2483 3032 etiam

382 3094 528 3143 cum
558 3070 861 3135 ratione
916 3075 1242 3136 insanire
1270 3071 1586 3149 velimus,
1658 3073 1744 3132 in
1785 3056 1890 3131 his
1945 3066 2315 3135 hominibus
2367 3092 2484 3157 spe

381 3190 602 3240 nostra
647 3189 712 3237 et
771 3178 1246 3260 exspectatione
1302 3184 1566 3263 repente
1621 3164 2047 3242 destituimur.
2143 3173 2357 3260 Atque
2411 3180 2481 3241 in

383 3278 507 3341 hac
550 3281 887 3362 repentina
928 3281 1253 3363 opinionis
1308 3291 1569 3342 nostrae
1623 3274 1884 3340 fallacia
1934 3278 2233 3340 consistit
2280 3275 2484 3344 attera

304 3378 313 3391 ‘
380 3398 552 3467 pars
563 3378 839 3442 ridiculi.
916 3379 1081 3445 Nam
1113 3384 1169 3444 si
1203 3381 1595 3466 exspectatio
1627 3400 1756 3442 non
1792 3376 2070 3456 fallitur,
2113 3380 2234 3443 sed
2256 3380 2480 3445 ordino

290 3492 305 3507 '
388 3483 605 3544 omnia
647 3472 715 3545 et
756 3498 875 3565 pro
920 3496 1149 3547 natura
1193 3486 1499 3569 cuiusque
1532 3484 1628 3546 rei
1670 3480 2057 3593 procedunt,
2103 3500 2232 3545 non
2275 3494 2492 3566 potest

379 3581 583 3655 fieri,
633 3595 702 3644 ut
752 3585 921 3646 risus
982 3585 1211 3671 aiiquis
1266 3589 1616 3652 exor.iatur
1720 3568 1937 3660 Quare
2003 3585 2484 3651 comoediarum

380 3694 672 3748 auctores
717 3682 885 3747 hano
923 3683 1135 3772 legem
1192 3688 1534 3775 diligenter
1591 3684 1980 3760 observant,
2030 3697 2104 3747 ut
2154 3683 2262 3749 vel
2315 3685 2483 3750 stul-

259 3814 267 3824 ·
378 3787 612 3851 tissimi
652 3786 973 3852 'homines
1039 3812 1167 3853 non
1200 3807 1604 3877 -perpetunm
1665 3782 1905 3852 faciant
1956 3784 2265 3861 stultitiae
2320 3808 2481 3853 suaa

376 3878 826 3975 praeconium,
871 3891 984 3957 sed
1028 3912 1112 3954 ex
1142 3892 1483 3957 intervallo
1515 3895 1924 3979 resipiscant,
1963 3902 2033 3961 >et
2075 3901 2217 3985 post
2243 3890 2513 3955 factam.

375 3991 655 4056 sanioris
700 3994 934 4069 mentis
975 4014 1150 4078 spem
1197 4000 1265 4059 et
1305 4002 1850 4082 exspectationem
1914 3992 2130 4057 denuo
2173 3992 2252 4055 ad
2299 3994 2480 4077 inge-

328 4097 555 4158 ἱιιὶιιιιι
602 4114 789 4155 suum
848 4094 1131 4160 redeant.
1238 4098 1382 4163 Hac
1434 4103 1605 4164 enim
1669 4099 1809 4165 sola
1862 4092 2113 4161 satione
2177 4091 2477 4173 efficitur,

376 4209 447 4260 ut
491 4193 990 4261 vehementioris
1052 4188 1230 4264 illius
1291 4204 1511 4288 gaudii
1570 4204 1835 4267 affectus
1894 4220 2023 4262 uon
2077 4195 2479 4282 languescat,

383 4311 449 4361 et
474 4298 573 4360 ad
616 4294 813 4360 finem
857 4319 1058 4385 usque
1115 4302 1416 4384 fabulae,
1469 4307 1537 4370 in
1581 4306 1704 4371 hac
1747 4294 2053 4390 perpetua
2090 4303 2262 4363 inter
2303 4301 2480 4363 sani-

380 4413 580 4466 tatem
650 4412 716 4464 et
766 4398 1114 4483 ,stultitiam
1171 4404 1626 4489 fluctuatione,
1694 4407 1950 4475 ridendi
2003 4406 2312 4477 materia,
2343 4423 2474 4468 uon
