2850 4934
1180 272 1912 384 2--268--s

406 459 795 547 moliorem,⁸
831 478 904 533 ιιι
933 464 1125 544 nnnc·
1152 468 1439 550 videtui-²,
1508 464 1889 556 proponere.
1973 466 2058 534 In'
2109 488 2241 556 qua
2273 471 2369 534 're‘
2429 470 2518 536 n‘o'
2631 474 2636 478 ’

403 567 580 657 idem
613 567 793 647 mihi,
831 572 999 656 quod
1026 574 1441 658 grammatico
1472 573 1639 656 apud
1672 569 1955 636 Gellium
1981 568 2128 635 Vll.
2158 576 2216 636 7.
2246 572 2517 654 accidat,

403 683 479 732 ut
519 668 605 734 iis
646 670 999 736 deridiculo
1043 676 1204 751 sim,
1263 676 1373 758 qui
1411 672 1668 740 facilius
1711 674 1925 736 dieere
1960 687 2269 757 possunt,
2316 696 2540 759 quare·

406 770 651 856 aliquid
689 771 962 850 falsum,
1014 796 1215 860 quam
1282 796 1480 861 quare
1540 796 1764 839 verum
1819 775 1939 851 sit,
1999 795 2133 837 non
2196 778 2516 862 originem

403 871 616 939 solum
680 872 978 938 vocabuli
1036 874 1402 955 obnoxius,
1478 878 1561 940 ad
1623 878 1792 962 quod
1854 898 1895 939 a
1954 873 2173 940 multis
2230 880 2513 942 maxime
2559 859 2568 873 ⁰

350 1008 361 1015 ,
404 975 699 1039 sudatum
731 987 849 1053 est,
893 974 1254 1061 explicabo,
1298 979 1416 1043 sed
1446 976 1991 1064 significationum
2025 999 2275 1064 qnoque
2304 982 2513 1042 varie-

402 1089 599 1140 tatem
643 1074 1014 1141 recensebo.
1101 1079 1421 1144 Existimo
1463 1082 1659 1164 igitur
1697 1079 2049 1144 obnoxium
2084 1101 2308 1166 aeque
2317 1084 2509 1165 quani

290 1212 301 1227 ι
403 1177 836 1257 obnoxiosum
869 1181 1120 1265 proprie
1152 1183 1280 1244 dici
1309 1203 1480 1258 eum,
1527 1187 1645 1266 qm·
1674 1181 1752 1245 ob
1782 1200 2024 1246 noxam
2055 1188 2179 1261 ‘es-t,
2231 1181 2353 1245 hoc
2383 1195 2505 1260 est,

401 1283 519 1367 qui
538 1301 751 1344 noxae
779 1278 989 1344 affinis
1022 1295 1142 1361 est,
1176 1285 1268 1346 ita
1297 1284 1577 1369 quidem,
1615 1297 1684 1346 ut
1715 1297 1825 1347 aut
1850 1285 1988 1368 ipse
2017 1270 2247 1355 noceat
2278 1304 2510 1355 nocue-

398 1383 565 1445 ritve
597 1380 986 1465 (Columella
1016 1379 1097 1446 11.
1133 1390 1232 1449 18.
1316 1385 1543 1449 Omnes
1572 1384 1830 1467 lapidee
1860 1392 1928 1447 et
1957 1390 2023 1447 ei
2049 1405 2176 1470 qua
2203 1381 2508 1449 obiacent

380 1481 690 1561 falcibus
736 1483 1065 1562 obnoxia,
1111 1487 1347 1570 colligi
1384 1485 1625 1550 debent
1664 1508 1744 1550 ac
1787 1487 2050 1571 longius
2081 1489 2505 1571 exportant),

401 1598 514 1650 aut
554 1598 624 1649 ut
665 1587 791 1670 ipsi
834 1584 913 1650 ab
956 1583 1085 1649 alio
1147 1589 1369 1651 noceri
1424 1591 1648 1672 possit.
1697 1606 1708 1619 ³
1749 1587 1925 1653 Hinc
1985 1586 2196 1653 fluunt
2254 1600 2505 1653 ceterae
2553 1615 2570 1620 ·

401 1685 936 1771 significationes.
1049 1685 1221 1757 Nam
1277 1672 1407 1775 qui'
1439 1692 1506 1753 in
1568 1709 1745 1753 noxa
1805 1704 1936 1768 est,
2006 1687 2335 1774 obligatus
2407 1702 2509 1753 est

397 1808 646 1872 poenae
693 1787 775 1853 ob
822 1786 1146 1868 delictum,
1191 1812 1348 1877 ergo
1375 1790 1704 1856 subiectus
1747 1793 1845 1870 ei,
1892 1793 1999 1876 qui
2026 1802 2506 1878 poenas-potest

399 1885 691 1967 sumere,
755 1910 956 1977 eaque
1007 1891 1084 1954 de
1129 1913 1325 1955 causa
1367 1894 1668 1970 timidus,
1735 1881 1838 1957 etn
1857 1894 2081 1959 eodem
2140 1899 2505 1958 summissus

400 1996 470 2055 et
499 1991 734 2055 cedem
762 2000 960 2078 atque
987 1990 1293 2061 obediens
1321 2000 1772 2078 potentiori.
1796 1993 1977 2060 Idem
2010 1996 2251 2059 indicat
2276 1995 2503 2058 adver-

400 2088 603 2155 bium
610 2092 939 2172 obnoxeef
960 2096 1146 2180 quod,
1186 2109 1256 2159 ιιι
1282 2110 1455 2160 recte
1484 2098 1732 2161 monuit
1760 2095 2034 2176 Gellius,
2068 2095 2149 2160 ab
2181 2095 2506 2160 obnoxius

398 2190 542 2257 sola
585 2193 1052 2275 declinatione,
1102 2218 1232 2263 non
1264 2219 1355 2262 re
1367 2212 1555 2283 atque
1585 2202 1903 2263 sententia
1927 2198 2172 2266 differt.
2253 2198 2503 2263 Verum

401 2299 734 2359 enimvero
768 2302 1070 2382 quoniam
1103 2298 1281 2364 nulla
1319 2302 1587 2366 istarum
1595 2301 2167 2387 significationum
2215 2315 2362 2387 apta
2399 2312 2502 2365 est

396 2394 797 2489 illustrando
831 2397 1127 2464 Plautino
1170 2400 1347 2482 loco,
1402 2378 1737 2468 Acidalius
1781 2406 1848 2468 in
1892 2401 2201 2479 auxilium
2244 2404 2503 2468 vocavit

396 2494 674 2560 similem
730 2501 798 2563 in
854 2501 1122 2585 Epidico
1179 2501 1264 2566 V.
1327 2511 1402 2582 2,
1463 2510 1566 2570 30.
1630 2506 2009 2570 dictionem:
2091 2504 2293 2571 Nihil
2341 2506 2530 2571 vero'

399 2597 802 2676 obnoxios23
846 2600 1088 2687 quibus
1109 2603 1322 2669 verbis
1363 2607 1690 2673 existimat
1727 2605 2143 2693 Periphanem
2173 2594 2265 2671 ita
2285 2605 2500 2673 iuberi

396 2721 627 2765 manus
687 2699 994 2795 colligare
1034 2705 1324 2790 Epidici,
1391 2720 1692 2792 tanquam
1747 2711 1809 2773 ei
1865 2712 1953 2774 sit
2011 2707 2367 2793 obnoxiuS,
2423 2711 2497 2775 in

396 2800 667 2866 obnoxii
731 2826 1023 2885 morem,
1098 2820 1169 2872 ut
1227 2810 1289 2871 ei
1346 2811 1530 2895 quasi
1602 2824 1858 2896 pareat3
1934 2834 2135 2897 eaque
2195 2814 2522 2897 opiniond‘

393 2896 695 2970 inductus
721 2905 1050 2973 Acidalius
1083 2910 1284 2975 dicit:-
1315 2911 1604 2976 obnoxie
1631 2919 1864 2998 perire
1908 2913 2288 3000 significare
2308 2919 2501 3000 quasi

397 3007 774 3073 clementer.
853 3009 1044 3076 Hanc
1088 3013 1257 3077 docti
1301 3016 1423 3077 viri
1467 3017 2059 3109 interpretationem
2101 3014 2492 3087 Gronovius,

393 3104 655 3175 laudata
713 3116 990 3178 auctoris
1065 3116 1462 3194 eruditione,
1535 3119 1872 3203 accipere
1891 3131 2105 3183 tamen
2180 3117 2493 3185 dubitavit

273 3255 283 3279 .
390 3224 768 3297 propterea,
815 3216 982 3302 quod
1024 3220 1091 3280 in
1137 3196 1270 3282 illo
1290 3216 1497 3283 altero
1538 3218 1684 3283 loco
1729 3218 2090 3285 obnoxiose
2128 3221 2253 3304 ipsi
2282 3220 2491 3304 potius

314 3306 319 3313 ’
392 3332 536 3375 esse
566 3290 890 3380 videretur
926 3317 1120 3398 idem,
1160 3320 1330 3406 quod
1375 3321 1603 3386 timide
1640 3334 1704 3386 et
1738 3321 2179 3407 trepidanter,
2218 3323 2488 3405 ideoque
2573 3386 2582 3391 ,

392 3413 569 3478 nihil
606 3416 891 3487 obnoxie
936 3420 1169 3503 debere
1211 3421 1580 3517 significare
1638 3420 1816 3487 nihil
1868 3421 2081 3488 dubie.
2171 3422 2299 3486 Sed
2341 3443 2487 3487 cum

354 3512 565 3579 idem
600 3519 699 3581 vir
740 3524 1194 3606 sagacissimus
1237 3523 1664 3615 intelligeret,
1710 3526 1971 3644 opinor,
2034 3538 2217 3611 quam
2261 3521 2489 3587 absur-
2521 3576 2534 3589 ,
2629 3562 2646 3569 ν

389 3614 539 3677 dum
585 3633 755 3685 esset
797 3624 1048 3703 dicere,
1108 3608 1237 3690 no'n
1279 3626 1698 3705 dubitanter,
1755 3628 1798 3690 i.
1844 3647 1901 3688 e·
1923 3645 2079 3690 nen
2120 3624 2489 3691 verecunde

380 3723 609 3801 pern':
630 3722 1028 3805 prudenter
1070 3730 1326 3814 quidem
1379 3729 1722 3807 iudicavit,
1792 3724 1951 3807 illud
1983 3726 2297 3793 <obnoxie
2358 3749 2491 3809 non

389 3819 625 3883 debere
671 3844 813 3890 cum
858 3826 1057 3893 verbo
1105 3836 1340 3915 perire
1387 3831 1722 3915 coniungi3
1779 3832 1847 3893 in
1894 3850 1972 3893 eo
2016 3843 2228 3895 autem
2283 3832 2491 3893 mani-

290 3924 318 3947 '‘
383 3920 553 4001 festo
597 3929 869 4006 erravit,
927 3933 1094 4015 quod
1139 3931 1435 4003 Plautum
1480 3935 1548 3995 in
1593 3930 1905 3996 vocabulo
1942 3931 2228 3996 obnoxie
2252 3930 2488 3996 lusisse

338 4090 347 4105 ι
384 4025 689 4108 opinatus
734 4041 833 4093 est
844 4075 870 4117 ,
929 4033 1021 4094 ita
1064 4031 1343 4113 scilicet,
1387 4046 1459 4098 ut
1497 4047 1687 4120 poeta
1731 4031 2083 4101 obnoxium
2117 4056 2234 4120 pro
2260 4031 2490 4098 humili

385 4132 740 4211 acceperit,
784 4130 1182 4229 volueritque
1223 4139 1457 4221 respici
1487 4138 1570 4202 ad
1596 4135 1865 4200 humilia
1893 4135 2060 4216 loca,
2104 4156 2264 4221 quae
2293 4133 2489 4221 plano

387 4228 519 4290 sint
562 4220 988 4315 depressiora.
1075 4235 1239 4301 Tam
1283 4242 1521 4303 misera
1562 4239 1734 4303 enim
1776 4242 2065 4305 iocorum
2098 4238 2358 4317 fata-itas
2385 4234 2492 4301 vel

386 4326 650 4396 infimae
701 4334 880 4422 plebi
939 4321 1340 4411 stomachum
1390 4344 1635 4430 magis,
1694 4361 1884 4428 quam
1942 4344 2147 4413 risum
2195 4341 2493 4411 moverit.

1991 4494 2028 4521 ,-
