2850 4934
430 538 563 605 illis
617 525 940 614 tenebris,
1006 531 1238 651 quibus
1296 526 1595 595 occultati
1646 524 1978 610 iacebant,
2035 521 2281 607 serius,
2339 545 2540 613 quam
2609 514 2628 528 “

429 637 544 706 illa
586 639 1081 722 scripseramne,
1124 636 1191 697 in
1219 629 1433 697 lucem
1459 631 1660 696 fuisse
1688 643 2009 696 evocatos.
2097 626 2244 705 Quo
2272 628 2530 714 quidem

429 743 699 828 ingenti.
715 736 1043 801 Romanae
1087 736 1492 824 antiquitatis
1527 731 1771 796 lumine
1801 734 1859 795 si
1886 734 2063 817 prius
2092 732 2186 794 uti
2213 727 2529 808 licuisset,

427 841 805 910 faciliorem
829 856 987 901 sane
1029 850 1214 921 atque
1274 833 1633 922 planiorem
1679 831 2179 934 investigandae
2237 831 2531 894 veritatis

431 948 601 1008 viam
644 940 922 1025 ingressi
965 958 1286 1018 essemus,
1350 950 1413 1000 et
1457 929 1659 1008 multa
1700 935 1936 999 rectius
1982 930 2358 1018 planiusque
2415 952 2532 996 ex-

424 1047 896 1134 posuissemus3
963 1040 1078 1103 sed
1136 1036 1374 1102 factum
1417 1031 1666 1124 qnoque
1708 1035 1978 1113 fuisset,
2033 1047 2105 1097 ut
2156 1035 2532 1118 inopinatae

425 1146 786 1221 felicitatis,
853 1162 979 1227 qua
1052 1137 1360 1208 nonnulla
1438 1137 1625 1204 nobis
1682 1158 1827 1202 cum
1886 1134 2052 1201 Gaio
2113 1137 2528 1217 conveniunt,

426 1247 795 1336 gratissimo
839 1264 1034 1308 sensu
1077 1262 1463 1306 careremus.

583 1351 662 1441 1)
693 1345 1042 1410 Posteriori
1087 1345 1280 1410 modo
1325 1341 1651 1407 oriebatur
1680 1337 1972 1406 Romana
1994 1339 2334 1404 verborum
2366 1327 2532 1403 obli·

426 1453 632 1542 gatto,
678 1466 865 1533 quam
907 1458 1159 1508 constat
1205 1465 1529 1529 nunquam
1574 1442 1781 1521 ultro,
1825 1462 2077 1549 semper
2104 1442 2527 1526 responsione

306 1589 345 1636 g
426 1571 714 1637 congrua
755 1549 837 1611 ad
881 1545 1361 1631 praecedentem
1394 1538 1964 1664 interrogationem
1993 1541 2307 1632 contrabi,
2355 1563 2531 1605 eam-
2639 1588 2650 1594 ·

426 1674 550 1756 que
618 1649 1184 1733 interrogationem
1245 1660 1312 1710 et
1378 1647 1865 1738 responsionem
1938 1647 2129 1729 saepe
2205 1645 2532 1721 communi

425 1738 779 1820 vocabulo
786 1745 1233 1844 stipulationis
1290 1745 1395 1811 vel
1424 1750 1826 1834 sponsionis
1890 1745 2363 1832 comprehendi.
2463 1745 2534 1828 Α

426 1841 659 1943 quibus
705 1867 1000 1917 accurate
1049 1850 1500 1914 discernuntur
1533 1851 2095 1936 pollicitationes,
2158 1835 2239 1912 de
2295 1845 2527 1933 quibus

420 1962 492 2023 in
533 1955 874 2021 Pandectis
937 1949 1280 2038 peculiaris
1335 1964 1436 2016 est
1492 1949 1746 2033 titulus,
1813 1964 1878 2015 et
1929 1971 2089 2036 qnae
2155 1971 2281 2014 non
2341 1947 2529 2014 aliter

422 2062 557 2122 vim
591 2053 869 2143 aliquam
916 2052 1296 2134 habebant,*
1323 2073 1513 2140 quam
1560 2055 1621 2117 si
1656 2054 1727 2117 in
1759 2053 2034 2139 gratiam
2066 2048 2339 2117 alicuius
2368 2054 2530 2119 eivi-

424 2162 574 2262 tptis
620 2169 841 2223 essent
876 2145 1105 2222 factae.

595 2261 662 2343 2)
706 2258 1070 2328 Memoratu
1113 2272 1264 2322 sunt
1307 2258 1723 2343 dignissima,
1767 2277 1930 2341 quae
1975 2241 2180 2321 Gaius
2220 2259 2287 2321 in
2333 2255 2528 2320 Insti-

420 2365 740 2432 tutionum
776 2360 1270 2426 Commentariis
1315 2358 1432 2422 lib.
1478 2356 1599 2421 111.
1641 2359 1721 2422 de
1762 2357 2058 2424 vocabuli
2090 2358 2371 2444 spondeo
2402 2377 2530 2421 usu
2577 2394 2592 2406 r
2635 2441 2640 2446 .

424 2466 661 2530 civium
717 2459 1150 2527 Romanorum
1226 2433 1485 2545 proprio
1560 2463 1877 2544 exposuit.
1976 2457 2077 2525 Ibi
2136 2462 2306 2524 enim
2365 2457 2530 2523 haec

270 2626 311 2659 .·
420 2562 731 2650 leguntur·
764 2569 820 2643 §.
865 2566 981 2624 922
1016 2552 1346 2641 ',‚Verbis
1390 2558 1703 2647 obligatio
1747 2560 1824 2626 fit
1878 2584 1965 2628 ex
2021 2559 2528 2648 interrogatione

368 2665 375 2670 ’
418 2680 497 2730 et
531 2665 989 2750 responsione,
1043 2660 1245 2727 velut:
1311 2662 1470 2727 dari
1486 2667 1493 2673 ’
1524 2663 1852 2748 spondes?
1901 2665 2229 2752 *spondeo3
2289 2657 2528 2738 dahti?

424 2766 634 2842 άαῦος
681 2768 1066 2850 promittis?
1110 2769 1482 2849 promitto?
1537 2765 1694 2843 fide
1740 2770 2132 2852 promittis?
2169 2764 2326 2844 fide
2366 2786 2527 2851 pro-

422 2874 650 2942 mium
688 2865 844 2943 fide
886 2864 1117 2931 iubes?
1140 2864 1311 2948 fidy
1354 2866 1585 2944 iube03
1622 2866 1907 2946 facies?
1942 2859 2232 2948 faciam.
2316 2871 2375 2945 §-
2418 2871 2524 2932 93.
2599 2927 2602 2932 ,

375 3013 391 3032 .
423 2968 554 3034 Sed
612 2966 776 3030 haec
835 2967 1089 3052 quidem
1147 2966 1490 3034 verborum
1549 2967 1895 3055 obligatio:
1967 2969 2186 3036 Dari
2204 2966 2528 3068 spondes?

328 3067 333 3072 ’
420 3067 745 3191 spondeo,
807 3070 1062 3160 propria
1104 3070 1338 3133 civium
1384 3067 1822 3142 Romanorum
1865 3086 1999 3136 est·
2057 3084 2318 3135 ceterae
2370 3089 2526 3133 vero
2590 3065 2598 3072 ’

362 3173 389 3205 ”
419 3175 580 3238 iuris
608 3174 909 3262 gentium
953 3184 1143 3236 sunt:
1202 3172 1422 3257 itaque
1482 3174 1649 3237 inter
1709 3193 1931 3237 omnes
1990 3172 2324 3251 homines,
2385 3173 2526 3235 sive

422 3277 598 3338 cives
658 3271 1021 3368 Romanos,
1078 3273 1216 3337 sive
1276 3276 1687 3379 peregrinos,
1750 3273 1996 3352 valent,
2095 3275 2183 3339 Et
2236 3274 2527 3359 quamvis

424 3377 507 3439 ad
555 3361 897 3460 Graecam
912 3378 1138 3439 vocem
1181 3376 1530 3461 expressae
1573 3376 1850 3456 fuerint,
1909 3375 2086 3441 velut
2126 3374 2251 3476 hoc
2281 3376 2527 3439 modo.
2587 3383 2594 3391 “
2629 3387 2671 3397 ”

423 3472 737 3560 (δώσεις·
718 3520 738 3550 ,
814 3472 1016 3541 δώσω·
1095 3472 1459 3562 ὅμολυγεῖς·
1443 3528 1462 3561 ,
1552 3473 1856 3563 ὁμολογεῖ·
1953 3479 2150 3546 πίστει
2232 3475 2527 3553 salzberg-3

422 3576 621 3641 πίστει
694 3574 937 3642 κελεύω·
1020 3578 1328 3661 ποιήσεως
1404 3578 1735 3665 ποιήσω)·
1717 3625 1737 3655 ,
1818 3578 1981 3644 haec
2053 3593 2269 3643 tamen
2330 3581 2526 3643 etiam

422 3680 593 3742 inter
650 3679 829 3742 cives
888 3676 1215 3743 Romanos
1260 3679 1514 3759 valent,
1578 3684 1672 3745 εἰ.
1693 3683 1887 3747 modo
1933 3679 2168 3773 Graeci
2208 3682 2527 3746 sermonis

423 3775 822 3843 intellectum
888 3777 1203 3855 habeant3
1287 3795 1354 3845 et
1404 3802 1459 3858 {e
1535 3781 1854 3848 contrario
1935 3781 2227 3869 quamvis
2289 3780 2525 3846 Latine

423 3873 868 3955 enuntientur,
940 3892 1152 3945 tamen
1226 3859 1419 3948 etiam
1489 3885 1658 3949 inter
1717 3877 2102 3972 peregrinos
2155 3879 2408 3960 valent,
2468 3882 2528 3945 si
2637 3965 2641 3969 Δ

410 3982 616 4072 ,modo
658 3982 881 4046 Latini
923 3985 1240 4049 sermonis
1275 3983 1669 4050 intellectum
1715 3985 2013 4052 habeant.
2099 3984 2192 4049 At
2225 3981 2341 4047 illa
2384 4003 2528 4048 ver-

425 4084 650 4150 borum
695 4080 1032 4167 obligatio:
1079 4083 1268 4151 Dari
1303 4088 1629 4171 spondes?
1685 4088 2002 4173 Sponden,
2060 4088 2223 4150 a'deo
2265 4086 2529 4171 propria
2637 4159 2646 4166 ,

342 4187 353 4212 ·’
424 4189 660 4252 civium
698 4181 1138 4278 Romanorum
1169 4200 1286 4268 est,
1334 4203 1404 4253 ut
1444 4211 1522 4253 ne
1556 4190 1812 4276 quidem
1841 4192 1907 4254 in
1941 4189 2258 4254 Graecum
2284 4207 2527 4251 sermo-

422 4305 572 4353 nem
584 4309 699 4375 per
714 4289 1300 4372 interpretationem
1327 4293 1580 4376 proprie
1609 4291 1942 4356 transferri
1971 4292 2206 4376 possin
2235 4289 2527 4374 quamvis

425 4391 670 4456 dicatur
706 4412 748 4454 a
793 4387 1043 4458 Graeca
1081 4410 1241 4458 voce
1273 4389 1555 4480 figurata
1596 4413 1762 4460 esse.
1830 4395 1888 4474 §-
1921 4398 2048 4470 94„
2072 4389 2262 4459 Unde
2292 4379 2522 4457 dicitur
