2850 4934
1152 385 1292 398 ·-
1395 344 1498 416 22
1601 382 1701 395 --

393 527 687 618 gurm-es:
746 525 949 591 altera
993 528 1288 614 quidem,
1334 526 1507 613 quod
1548 523 1714 595 nihil
1756 525 2044 589 omnium
2085 541 2341 600 rerum,
2397 519 2507 584 vel
2607 515 2612 519 ’
2690 550 2698 571 ι

396 629 678 695 maxime
724 630 1121 693 diversarum
1164 631 1572 706 inveniatur,
1625 630 1697 699 in
1759 646 1883 712 quo
1929 645 2060 688 non
2104 623 2308 708 possit
2348 622 2509 686 ridi-

399 729 612 797 culum
644 734 921 795 versari:
969 727 1193 807 altera,
1244 730 1414 816 quod
1458 748 1563 792 res
1608 750 1721 814 per
1751 748 1822 791 se
1857 723 2129 790 ridicula
2155 745 2285 787 non
2311 722 2507 787 modo

244 886 249 905 .
341 838 352 851 ¹
400 833 738 912 omnibus,
795 834 911 897 sed
958 853 1039 896 ne
1085 833 1310 919 iisdem
1373 831 1630 915 quidem
1687 827 2056 892 hominibus
2110 838 2363 911 semper
2418 827 2511 889 ri-

356 928 615 998 ⁴dicu'la
654 935 971 999 videatur.
1053 931 1323 998 Accedit
1364 929 1713 1009 difficultas
1775 942 1814 994 a
1878 929 2244 1014 linguarum
2303 926 2512 990 ambi-

399 1037 644 1121 guitate
703 1035 992 1114 obiecta,
1065 1056 1151 1098 ex
1213 1055 1338 1120 qua
1395 1030 1713 1097 vocabula
1781 1046 2092 1116 cognatae
2149 1027 2510 1114 similisque

402 1136 899 1222 significationis
943 1158 1069 1200 non
1117 1138 1327 1220 magis
1372 1156 1411 1198 a
1457 1133 1693 1220 vulgo,
1743 1124 1933 1221 quam
1976 1153 2017 1195 a
2069 1132 2272 1195 doctis
2316 1130 2511 1193 etiam

302 1314 311 1323 x
400 1241 564 1302 viris
625 1250 1101 1325 permutantur-3
1174 1226 1375 1314 veluti
1426 1240 1496 1301 in
1557 1236 1682 1303 hoc
1735 1236 1974 1321 genere'
2035 1255 2180 1297 cum
2239 1231 2512 1309 ridiculo

405 1340 881 1411 confunduntur
940 1351 1006 1403 et
1045 1342 1174 1403 ioci
1212 1354 1287 1403 ,et
1331 1337 1503 1404 sales
1560 1354 1624 1405 et
1680 1337 1949 1401 facetiae
2009 1346 2076 1398 et
2129 1332 2387 1420 lepores
2446 1334 2534 1398 et*

405 1438 846 1506 cavillationes
894 1455 958 1529 et
1002 1438 1430 1527 contumeliae
1474 1442 1636 1505 adeo
1667 1441 1867 1522 'atque
1912 1437 2280 1500 irrisiones-z
2348 1457 2512 1523 quae

403 1540 661 1628 placent
702 1543 959 1629 quidem
1002 1545 1221 1607 omnia
1264 1556 1329 1604 et
1374 1543 1865 1623 admirationem
1909 1551 2019 1601 aut
2060 1539 2344 1625 ingenii,
2404 1547 2516 1600 aut

407 1645 770 1721 doctrinae,
827 1657 937 1706 aut
990 1640 1294 1707 benevoli
1350 1664 1602 1728 quoque
1663 1629 1861 1706 ani‘mi
1918 1654 2212 1718 movent,
2273 1644 2386 1724 p'er
2441 1656 2516 1737 se

404 1765 563 1808 vero
607 1743 881 1810 ridicula
926 1765 1053 1807 non
1098 1756 1285 1821 sunt,
1328 1746 1445 1808 sed
1489 1748 1688 1809 risum
1740 1752 1986 1807 tan‘tum
2033 1745 2353 1820 excitant,
2395 1762 2519 1805 nec
2572 1753 2578 1759 '

407 1842 628 1923 aliter,
699 1864 890 1930 quam
953 1846 1013 1908 si
1070 1845 1138 1907 in
1202 1842 1462 1930 aliquod
1523 1842 1779 1909 ridiculi
1852 1864 2061 1928 genus
2130 1841 2516 1907 inciderunt.

403 1941 541 2009 Ubi
584 1942 755 2008 eni'm
802 1946 882 2009 de
925 1941 1198 2008 ridiculo
1245 1947 1650 2031 quaerimuS,
1708 1960 1839 2009 non
1882 1948 1950 2009 id
1992 1949 2158 2009 scire
2204 1945 2516 2027 cupimus,

408 2064 537 2130 quo
580 2048 773 2113 modo
794 2044 981 2110 ”alios
1026 2046 1108 2108 ad
1151 2046 1493 2109 ridendum
1538 2046 1871 2110 commode
1912 2046 2354 2133 perducamus,
2399 2042 2520 2108 sed

409 2147 562 2233 quid
606 2147 777 2212 illud
808 2150 1018 2232 ipsum
1065 2148 1187 2224 sit,'
1242 2149 1412 2233 quod
1470 2169 1585 2232 per
1643 2170 1714 2212 se
1774 2163 1840 2212 et
1892 2149 2286 2233 necessario·
2315 2149 2522 2211 risum

408 2268 786 2334 praecocem
828 2247 1013 2312 inu‘m
1059 2258 1124 2310 et
1167 2246 1572 2312 celerrimum
1616 2264 1902 2314 moveat,
1994 2249 2070 2314 In
2133 2270 2321 2334 quam
2378 2250 2523 2333 qui-

412 2350 561 2412 dem
604 2371 740 2412 rem
786 2351 1047 2435 cognitu
1091 2362 1157 2410 et
1201 2344 1524 2430 explicatu
1584 2348 2063 2429 difficillimam,
2113 2365 2178 2414 et
2222 2366 2261 2415 a
2302 2349 2522 2414 multis

298 2454 303 2463 ‘
410 2447 857 2515 florentissimi
896 2450 1148 2535 ingenii
1215 2449 1370 2512 viris
1402 2453 1614 2515 xvario
1678 2466 2407 2529 successuutractatam,
2463 2453 2525 2515 si

412 2572 624 2621 meam
657 2573 905 2637 quoque
932 2549 1432 2638 philosophandi
1460 2564 1742 2636 operam,
1787 2554 1954 2618 hanc
1986 2554 2238 2639 publice
2270 2554 2523 2618 dicendi

416 2640 950 2738 opportunitatem
994 2668 1254 2729 nactus,
1316 2654 1389 2715 in·
1429 2658 1794 2738 praesentia
1838 2658 2132 2720 conferre
2192 2656 2523 2736 studuero,

416 2758 794 2820 existimare
824 2770 953 2820 vos'
971 2753 1188 2831 velim,
1217 2752 1364 2816 AA.
1395 2756 1460 2819 id
1475 2777 1621 2819 .non
1652 2757 1933 2842 superba
1959 2772 2027 2821 et
2053 2761 2525 2844 nimiaingenii

414 2859 549 2921 mei
606 2857 1030 2935 confidentia,
1083 2857 1199 2920 sed
1252 2854 1402 2919 ideo
1471 2855 1653 2937 fieri,
1711 2852 1782 2922 ut
1823 2862 1883 2923 si
1921 2859 2283 2944 quid-forte
2322 2858 2526 2922 subti-

324 2978 327 2983 ·
416 2955 547 3023 lius
591 2960 993 3045 indicavero,
1052 2961 1119 3021 in
1166 2979 1244 3022 eo
1288 2952 1522 3042 operae
1566 2963 1835 3045 pretium
1880 2962 2111 3025 fecisse
2157 2962 2411 3024 videar:
2449 2963 2524 3026 in
2597 2962 2637 3017 '-

418 3083 547 3147 quo
611 3082 764 3125 vero
825 3080 1164 3139 erravero,
1236 3062 1375 3125 eius
1433 3063 1821 3146 paratiorem
1889 3065 2374 3129 excusationem
2423 3065 2528 3128 in·-

418 3165 700 3229 veuiam.
790 3192 797 3207 =
1305 3151 1333 3235 ¹,
2145 3196 2148 3199 ·
2373 3194 2378 3203 ·
2469 3161 2488 3199 ⁴

595 3264 918 3341 Quoniam
990 3280 1206 3349 autem
1280 3267 1492 3330 omnis
1554 3268 1634 3331 de
1687 3266 1962 3333 ridiculo
2032 3269 2380 3353 disputatio
2434 3270 2528 3330 ita

425 3383 794 3455 comparata
837 3384 970 3446 est,
1008 3381 1080 3431 ut
1121 3369 1262 3431 sine
1307 3389 1651 3433 causarum
1693 3385 1758 3434 et
1784 3390 2092 3456 generum
2125 3350 2527 3453 expositione

423 3483 655 3534 natura
696 3473 794 3533 rei
838 3468 1025 3555 plane
1068 3471 1348 3554 perspici
1393 3485 1689 3557 nequeat,
1734 3475 1857 3535 tria
1894 3470 2055 3537 mibi
2086 3471 2272 3534 video
2301 3468 2370 3532 in
2401 3469 2528 3535 hac

422 3566 806 3658 quaestione
850 3565 1456 3656 praestanda‘esse:
1503 3587 1574 3637 ut
1613 3575 1820 3657 primo
1865 3573 1943 3635 de
1971 3585 2229 3648 natura,
2276 3584 2411 3634 tum
2446 3573 2529 3637 de

425 3675 679 3751 causis,
740 3675 1015 3762 denique
1061 3677 1139 3740 de
1184 3674 1533 3761 generibus
1571 3670 1840 3736 ridiculi
1885 3675 2101 3738 dicere
2154 3692 2528 3759 persequar.

424 3742 525 3840 lto
560 3776 779 3839 statim
821 3798 861 3839 a
905 3779 1219 3865 principio
1260 3779 1461 3840 totius
1510 3775 1906 3865 quaestionis
1963 3784 2212 3860 oportet
2272 3796 2534 3849 accura-

428 3890 565 3941 tum
608 3879 748 3941 veri
792 3878 1324 3964 investigatorem
1366 3868 1815 3956 considerare,
1878 3879 2030 3963 quid
2086 3880 2255 3942 inter
2309 3898 2535 3964 perso-

312 4022 353 4073 .'
416 4000 622 4069 xnam,
670 4000 834 4065 quae
878 3981 1202 4059 ridet,-et
1236 3981 1340 4059 id,
1367 3982 1484 4044 'de
1528 3970 1653 4066 quo
1691 3980 1975 4071 ridetur,
2035 3981 2317 4044 differat:
2380 3980 2535 4046 huic

388 4085 606 4147 .enim
650 4079 908 4147 ridiculi
950 4104 1185 4148 nomeu
1233 4085 1554 4161 convenit,
1594 4081 1695 4146 illi
1735 4066 1891 4146 &ero
1932 4085 2134 4172 risum
2158 4081 2536 4155 =tribuimus.

428 4184 564 4251 Iam
611 4204 764 4248 vero
810 4199 880 4249 ut
922 4187 1168 4250 aditum
1223 4186 1305 4249 ad
1360 4186 1871 4270 cognoscendam
1928 4180 2187 4268 ridiculi
2240 4199 2536 4248 naturam

342 4285 348 4289 ’
432 4272 900 4365 nanciscamur,
941 4308 1205 4352 necesse
1232 4301 1332 4351 est
1363 4301 1512 4351 aute
1541 4289 1758 4352 omnia
1785 4289 2040 4368 videre,
2092 4286 2242 4373 qnid
2271 4286 2537 4363 homiui,

404 4389 688 4475 *quando
731 4390 814 4456 ad
855 4392 1059 4455 risum
1099 4387 1409 4469 solvitur,
1454 4391 1748 4455 accidere
1787 4372 2018 4479 soleat-²
2102 4390 2301 4456 Haud
2343 4386 2537 4454 dubie

684 4504 691 4511 ⁸
1398 4498 1417 4523 Χ
